timestamp_gmt,bid_size,bid,ask,ask_size
2020-04-28 00:00:09,101450,7800.50000000,7801.00000000,5100
2020-04-28 00:00:19,39270,7801.50000000,7802.00000000,41620
2020-04-28 00:00:29,118010,7802.00000000,7802.50000000,45310
2020-04-28 00:00:39,90,7801.00000000,7802.00000000,20
2020-04-28 00:00:49,20,7787.50000000,7788.50000000,30
2020-04-28 00:00:59,129600,7779.00000000,7779.50000000,20
2020-04-28 00:01:09,119510,7784.50000000,7785.00000000,20
2020-04-28 00:01:19,1000,7783.50000000,7787.00000000,380
2020-04-28 00:01:29,118850,7783.50000000,7784.00000000,100
2020-04-28 00:01:39,143420,7783.50000000,7784.00000000,80
2020-04-28 00:01:49,82250,7783.50000000,7784.00000000,100
2020-04-28 00:01:59,56570,7781.50000000,7782.00000000,20
2020-04-28 00:02:09,27350,7773.50000000,7774.00000000,89350
2020-04-28 00:02:19,15500,7757.00000000,7760.00000000,1640
2020-04-28 00:02:29,19380,7757.50000000,7762.00000000,4730
2020-04-28 00:02:39,20,7752.50000000,7753.50000000,20
2020-04-28 00:02:49,20,7755.00000000,7755.50000000,68410
2020-04-28 00:02:59,27660,7760.50000000,7762.00000000,730
2020-04-28 00:03:09,10,7766.00000000,7766.50000000,53810
2020-04-28 00:03:19,20,7759.50000000,7760.50000000,20
2020-04-28 00:03:29,20,7759.50000000,7760.50000000,1250
2020-04-28 00:03:39,1020,7759.50000000,7760.50000000,20
2020-04-28 00:03:49,86720,7760.00000000,7761.00000000,60
2020-04-28 00:03:59,20,7762.00000000,7762.50000000,84790
2020-04-28 00:04:09,20720,7761.50000000,7762.00000000,21550
2020-04-28 00:04:19,130530,7765.00000000,7765.50000000,1770
2020-04-28 00:04:29,18820,7765.00000000,7765.50000000,3770
2020-04-28 00:04:39,540,7765.00000000,7765.50000000,6020
2020-04-28 00:04:49,4040,7765.00000000,7765.50000000,20300
2020-04-28 00:04:59,1540,7765.00000000,7765.50000000,23200
2020-04-28 00:05:09,5520,7765.00000000,7765.50000000,92510
2020-04-28 00:05:19,900,7765.00000000,7765.50000000,32120
2020-04-28 00:05:29,1400,7765.00000000,7765.50000000,104600
2020-04-28 00:05:39,900,7765.00000000,7765.50000000,108630
2020-04-28 00:05:49,900,7765.00000000,7765.50000000,113840
2020-04-28 00:05:59,450,7756.50000000,7757.00000000,72610
2020-04-28 00:06:09,980,7756.50000000,7757.00000000,55710
2020-04-28 00:06:19,15880,7756.50000000,7757.00000000,55580
2020-04-28 00:06:29,66600,7756.50000000,7757.00000000,53060
2020-04-28 00:06:39,21600,7756.50000000,7757.00000000,53620
2020-04-28 00:06:49,20900,7756.50000000,7757.00000000,24220
2020-04-28 00:06:59,40000,7756.50000000,7757.00000000,13790
2020-04-28 00:07:09,61530,7756.50000000,7757.00000000,510
2020-04-28 00:07:19,620,7763.50000000,7764.00000000,89130
2020-04-28 00:07:29,1620,7763.50000000,7764.00000000,29210
2020-04-28 00:07:39,21320,7763.50000000,7764.00000000,19380
2020-04-28 00:07:49,620,7763.50000000,7764.00000000,64470
2020-04-28 00:07:59,90,7762.00000000,7762.50000000,152680
2020-04-28 00:08:09,58260,7761.00000000,7761.50000000,4000
2020-04-28 00:08:19,36600,7761.00000000,7761.50000000,18330
2020-04-28 00:08:29,24800,7761.00000000,7761.50000000,17330
2020-04-28 00:08:39,90,7760.00000000,7760.50000000,115800
2020-04-28 00:08:49,620,7760.00000000,7760.50000000,59650
2020-04-28 00:08:59,600,7760.00000000,7760.50000000,53480
2020-04-28 00:09:09,25900,7760.00000000,7760.50000000,43990
2020-04-28 00:09:19,1600,7759.50000000,7760.00000000,38940
2020-04-28 00:09:29,112500,7761.00000000,7762.00000000,20
2020-04-28 00:09:39,49720,7762.00000000,7762.50000000,61060
2020-04-28 00:09:49,54020,7762.00000000,7762.50000000,60560
2020-04-28 00:09:59,52820,7762.00000000,7762.50000000,4940
2020-04-28 00:10:09,160,7760.00000000,7760.50000000,55710
2020-04-28 00:10:19,1520,7760.50000000,7761.00000000,40
2020-04-28 00:10:29,4720,7760.00000000,7760.50000000,34580
2020-04-28 00:10:39,30860,7760.00000000,7760.50000000,17990
2020-04-28 00:10:49,48960,7760.00000000,7760.50000000,15730
2020-04-28 00:10:59,67030,7760.00000000,7760.50000000,1440
2020-04-28 00:11:09,1380,7759.50000000,7760.00000000,85300
2020-04-28 00:11:19,4710,7759.50000000,7760.00000000,59710
2020-04-28 00:11:29,17390,7759.50000000,7760.00000000,14880
2020-04-28 00:11:39,21110,7759.50000000,7760.00000000,17250
2020-04-28 00:11:49,310,7759.50000000,7760.00000000,32050
2020-04-28 00:11:59,360,7759.50000000,7760.00000000,30540
2020-04-28 00:12:09,360,7759.00000000,7759.50000000,77310
2020-04-28 00:12:19,1880,7759.00000000,7759.50000000,39400
2020-04-28 00:12:29,380,7759.00000000,7759.50000000,42900
2020-04-28 00:12:39,10,7754.50000000,7755.00000000,3220
2020-04-28 00:12:49,114970,7753.50000000,7755.50000000,80
2020-04-28 00:12:59,63760,7755.50000000,7756.00000000,210
2020-04-28 00:13:09,43790,7755.50000000,7756.00000000,17250
2020-04-28 00:13:19,8920,7755.50000000,7756.00000000,18750
2020-04-28 00:13:29,15290,7755.50000000,7756.00000000,19200
2020-04-28 00:13:39,10690,7755.50000000,7756.00000000,19200
2020-04-28 00:13:49,90,7754.50000000,7755.00000000,130170
2020-04-28 00:13:59,26500,7757.00000000,7757.50000000,40500
2020-04-28 00:14:09,54990,7756.00000000,7756.50000000,1700
2020-04-28 00:14:19,49990,7756.00000000,7756.50000000,17200
2020-04-28 00:14:29,39200,7756.00000000,7756.50000000,17200
2020-04-28 00:14:39,112980,7758.50000000,7761.00000000,20
2020-04-28 00:14:49,16530,7761.00000000,7761.50000000,1700
2020-04-28 00:14:59,1010,7761.00000000,7761.50000000,21700
2020-04-28 00:15:09,47210,7761.00000000,7761.50000000,1700
2020-04-28 00:15:19,38610,7761.00000000,7761.50000000,7760
2020-04-28 00:15:29,50070,7761.00000000,7761.50000000,7760
2020-04-28 00:15:39,92330,7761.00000000,7761.50000000,5760
2020-04-28 00:15:49,65870,7761.50000000,7762.00000000,680
2020-04-28 00:15:59,65870,7761.50000000,7762.00000000,720
2020-04-28 00:16:09,65870,7761.50000000,7762.00000000,5980
2020-04-28 00:16:19,74570,7761.50000000,7762.00000000,720
2020-04-28 00:16:29,77850,7762.00000000,7762.50000000,1830
2020-04-28 00:16:39,77850,7762.00000000,7762.50000000,1830
2020-04-28 00:16:49,94190,7762.00000000,7762.50000000,130
2020-04-28 00:16:59,56490,7763.50000000,7764.00000000,1900
2020-04-28 00:17:09,56990,7763.50000000,7764.00000000,1900
2020-04-28 00:17:19,54070,7763.50000000,7764.00000000,2430
2020-04-28 00:17:29,55570,7763.50000000,7764.00000000,4130
2020-04-28 00:17:39,50450,7763.50000000,7764.00000000,4130
2020-04-28 00:17:49,24370,7763.50000000,7764.00000000,4170
2020-04-28 00:17:59,40440,7763.50000000,7764.00000000,4170
2020-04-28 00:18:09,31840,7763.50000000,7764.00000000,4170
2020-04-28 00:18:19,40440,7763.50000000,7764.00000000,4130
2020-04-28 00:18:29,42540,7763.50000000,7764.00000000,2980
2020-04-28 00:18:39,61940,7763.50000000,7764.00000000,3480
2020-04-28 00:18:49,36620,7763.50000000,7764.00000000,4670
2020-04-28 00:18:59,35080,7763.50000000,7764.00000000,9140
2020-04-28 00:19:09,490,7760.00000000,7760.50000000,113220
2020-04-28 00:19:19,420,7760.00000000,7760.50000000,52710
2020-04-28 00:19:29,420,7760.00000000,7760.50000000,74310
2020-04-28 00:19:39,70,7759.00000000,7759.50000000,135900
2020-04-28 00:19:49,20,7754.00000000,7754.50000000,106520
2020-04-28 00:19:59,1000,7753.50000000,7754.00000000,43370
2020-04-28 00:20:09,84200,7755.50000000,7756.00000000,80
2020-04-28 00:20:19,1010,7757.50000000,7758.00000000,35180
2020-04-28 00:20:29,7710,7757.50000000,7758.00000000,20130
2020-04-28 00:20:39,10,7757.50000000,7758.00000000,42230
2020-04-28 00:20:49,10,7757.50000000,7758.00000000,46930
2020-04-28 00:20:59,3710,7757.50000000,7758.00000000,30300
2020-04-28 00:21:09,3310,7757.50000000,7758.00000000,8600
2020-04-28 00:21:19,510,7757.50000000,7758.00000000,22220
2020-04-28 00:21:29,510,7757.50000000,7758.00000000,22220
2020-04-28 00:21:39,580,7757.50000000,7758.00000000,71650
2020-04-28 00:21:49,580,7757.50000000,7758.00000000,73650
2020-04-28 00:21:59,140,7756.50000000,7757.00000000,93370
2020-04-28 00:22:09,27750,7757.00000000,7757.50000000,17210
2020-04-28 00:22:19,7650,7756.50000000,7757.00000000,47330
2020-04-28 00:22:29,55120,7756.50000000,7757.00000000,25840
2020-04-28 00:22:39,15570,7756.50000000,7757.00000000,21650
2020-04-28 00:22:49,35970,7756.50000000,7757.00000000,5300
2020-04-28 00:22:59,240,7756.00000000,7757.00000000,31740
2020-04-28 00:23:09,20,7756.50000000,7757.00000000,59860
2020-04-28 00:23:19,6220,7756.50000000,7757.00000000,15140
2020-04-28 00:23:29,90,7755.50000000,7756.00000000,92130
2020-04-28 00:23:39,5000,7750.00000000,7750.50000000,73800
2020-04-28 00:23:49,4300,7750.00000000,7750.50000000,124830
2020-04-28 00:23:59,20,7751.00000000,7751.50000000,50600
2020-04-28 00:24:09,37920,7751.00000000,7751.50000000,6400
2020-04-28 00:24:19,20,7751.00000000,7751.50000000,56580
2020-04-28 00:24:29,220,7750.50000000,7751.00000000,82870
2020-04-28 00:24:39,3870,7749.50000000,7750.00000000,57850
2020-04-28 00:24:49,3870,7749.50000000,7750.00000000,38200
2020-04-28 00:24:59,1000,7750.00000000,7750.50000000,19580
2020-04-28 00:25:09,13590,7749.50000000,7750.00000000,17250
2020-04-28 00:25:19,3890,7749.50000000,7750.00000000,18750
2020-04-28 00:25:29,21930,7749.50000000,7750.00000000,17500
2020-04-28 00:25:39,12700,7749.50000000,7750.00000000,24980
2020-04-28 00:25:49,11700,7749.50000000,7750.00000000,20680
2020-04-28 00:25:59,11700,7749.50000000,7750.00000000,25630
2020-04-28 00:26:09,11700,7749.50000000,7750.00000000,40530
2020-04-28 00:26:19,11680,7749.50000000,7750.00000000,46350
2020-04-28 00:26:29,70,7749.50000000,7750.00000000,92640
2020-04-28 00:26:39,70,7749.00000000,7749.50000000,58010
2020-04-28 00:26:49,106900,7736.00000000,7737.00000000,20
2020-04-28 00:26:59,1150,7738.00000000,7738.50000000,53290
2020-04-28 00:27:09,35570,7738.00000000,7738.50000000,4690
2020-04-28 00:27:19,10,7743.50000000,7744.00000000,50530
2020-04-28 00:27:29,20,7742.00000000,7743.00000000,59750
2020-04-28 00:27:39,40270,7740.50000000,7741.00000000,17180
2020-04-28 00:27:49,55470,7740.50000000,7741.00000000,17180
2020-04-28 00:27:59,12970,7740.50000000,7741.00000000,17180
2020-04-28 00:28:09,20,7740.50000000,7741.00000000,31840
2020-04-28 00:28:19,820,7740.50000000,7741.00000000,40360
2020-04-28 00:28:29,1170,7740.50000000,7741.00000000,29510
2020-04-28 00:28:39,1170,7740.50000000,7741.00000000,33580
2020-04-28 00:28:49,1170,7740.50000000,7741.00000000,37180
2020-04-28 00:28:59,21370,7741.50000000,7742.00000000,18050
2020-04-28 00:29:09,16070,7741.50000000,7742.00000000,19680
2020-04-28 00:29:19,18070,7741.50000000,7742.00000000,19730
2020-04-28 00:29:29,1170,7741.50000000,7742.00000000,21230
2020-04-28 00:29:39,150,7741.50000000,7742.00000000,30960
2020-04-28 00:29:49,1170,7741.50000000,7742.00000000,40580
2020-04-28 00:29:59,240,7741.50000000,7742.00000000,37200
2020-04-28 00:30:09,240,7741.50000000,7742.00000000,35900
2020-04-28 00:30:19,15620,7738.00000000,7738.50000000,5710
2020-04-28 00:30:29,90,7738.00000000,7738.50000000,52680
2020-04-28 00:30:39,20,7738.00000000,7738.50000000,56610
2020-04-28 00:30:49,10790,7736.50000000,7737.00000000,32790
2020-04-28 00:30:59,40780,7736.50000000,7737.00000000,28390
2020-04-28 00:31:09,21370,7741.50000000,7742.00000000,590
2020-04-28 00:31:19,46520,7744.50000000,7745.00000000,25570
2020-04-28 00:31:29,1020,7748.00000000,7748.50000000,50210
2020-04-28 00:31:39,170,7745.50000000,7746.00000000,45210
2020-04-28 00:31:49,81620,7746.00000000,7746.50000000,510
2020-04-28 00:31:59,20,7746.00000000,7746.50000000,34960
2020-04-28 00:32:09,9750,7747.50000000,7748.00000000,22500
2020-04-28 00:32:19,58750,7747.50000000,7748.00000000,7550
2020-04-28 00:32:29,38320,7749.00000000,7749.50000000,4150
2020-04-28 00:32:39,53810,7749.00000000,7750.00000000,5600
2020-04-28 00:32:49,9820,7748.00000000,7748.50000000,29590
2020-04-28 00:32:59,11020,7748.00000000,7748.50000000,11550
2020-04-28 00:33:09,20020,7748.00000000,7748.50000000,26040
2020-04-28 00:33:19,20,7748.00000000,7748.50000000,22040
2020-04-28 00:33:29,63520,7748.50000000,7749.00000000,1780
2020-04-28 00:33:39,19920,7748.50000000,7749.00000000,9850
2020-04-28 00:33:49,20,7748.50000000,7749.00000000,36650
2020-04-28 00:33:59,70,7748.50000000,7749.00000000,72570
2020-04-28 00:34:09,70,7748.50000000,7749.00000000,73020
2020-04-28 00:34:19,20590,7748.00000000,7748.50000000,21060
2020-04-28 00:34:29,20,7748.00000000,7748.50000000,34740
2020-04-28 00:34:39,10670,7747.50000000,7748.00000000,17190
2020-04-28 00:34:49,2140,7747.50000000,7748.00000000,10930
2020-04-28 00:34:59,20,7746.50000000,7747.00000000,103430
2020-04-28 00:35:09,90,7745.50000000,7746.00000000,95510
2020-04-28 00:35:19,1020,7745.00000000,7745.50000000,63480
2020-04-28 00:35:29,70,7743.50000000,7744.00000000,87150
2020-04-28 00:35:39,28900,7742.50000000,7743.00000000,17390
2020-04-28 00:35:49,48920,7742.50000000,7743.00000000,10
2020-04-28 00:35:59,37810,7742.50000000,7743.00000000,5410
2020-04-28 00:36:09,75700,7742.50000000,7743.00000000,1700
2020-04-28 00:36:19,36200,7742.50000000,7743.00000000,1700
2020-04-28 00:36:29,16730,7742.50000000,7743.00000000,10570
2020-04-28 00:36:39,70,7742.50000000,7743.00000000,76390
2020-04-28 00:36:49,140,7740.50000000,7741.00000000,46500
2020-04-28 00:36:59,1150,7741.00000000,7741.50000000,33080
2020-04-28 00:37:09,70,7740.50000000,7741.50000000,36400
2020-04-28 00:37:19,20670,7740.00000000,7740.50000000,23520
2020-04-28 00:37:29,14480,7741.00000000,7742.00000000,20280
2020-04-28 00:37:39,27700,7742.50000000,7743.00000000,70
2020-04-28 00:37:49,29980,7742.50000000,7743.00000000,50
2020-04-28 00:37:59,34500,7742.50000000,7743.00000000,50
2020-04-28 00:38:09,16480,7742.50000000,7743.00000000,57820
2020-04-28 00:38:19,220,7742.00000000,7742.50000000,91200
2020-04-28 00:38:29,1150,7742.00000000,7742.50000000,53470
2020-04-28 00:38:39,850,7742.00000000,7742.50000000,68940
2020-04-28 00:38:49,850,7742.00000000,7742.50000000,51840
2020-04-28 00:38:59,850,7742.00000000,7742.50000000,45290
2020-04-28 00:39:09,2500,7741.50000000,7742.00000000,48670
2020-04-28 00:39:19,2440,7741.50000000,7742.00000000,41390
2020-04-28 00:39:29,2370,7741.50000000,7742.00000000,41320
2020-04-28 00:39:39,850,7741.50000000,7742.00000000,51440
2020-04-28 00:39:49,20,7739.00000000,7739.50000000,79140
2020-04-28 00:39:59,90,7739.00000000,7739.50000000,68880
2020-04-28 00:40:09,42820,7739.00000000,7739.50000000,25580
2020-04-28 00:40:19,91180,7739.00000000,7739.50000000,900
2020-04-28 00:40:29,104440,7741.50000000,7742.00000000,70
2020-04-28 00:40:39,76090,7744.00000000,7744.50000000,510
2020-04-28 00:40:49,39210,7746.50000000,7747.00000000,100
2020-04-28 00:40:59,10,7747.50000000,7748.00000000,70170
2020-04-28 00:41:09,17510,7747.50000000,7748.00000000,40790
2020-04-28 00:41:19,10,7747.50000000,7748.00000000,38290
2020-04-28 00:41:29,5210,7747.50000000,7748.00000000,37790
2020-04-28 00:41:39,10,7747.50000000,7748.00000000,36040
2020-04-28 00:41:49,8610,7747.50000000,7748.00000000,22540
2020-04-28 00:41:59,15010,7747.50000000,7748.00000000,21040
2020-04-28 00:42:09,73130,7751.00000000,7751.50000000,1020
2020-04-28 00:42:19,10,7751.00000000,7751.50000000,52260
2020-04-28 00:42:29,4510,7751.00000000,7751.50000000,29860
2020-04-28 00:42:39,23010,7751.00000000,7751.50000000,18210
2020-04-28 00:42:49,118830,7751.00000000,7751.50000000,150
2020-04-28 00:42:59,71700,7755.00000000,7755.50000000,3710
2020-04-28 00:43:09,10,7755.00000000,7755.50000000,111630
2020-04-28 00:43:19,10,7755.00000000,7755.50000000,111630
2020-04-28 00:43:29,10,7755.00000000,7755.50000000,111590
2020-04-28 00:43:39,10,7755.00000000,7755.50000000,111590
2020-04-28 00:43:49,10,7755.00000000,7755.50000000,88370
2020-04-28 00:43:59,1020,7753.00000000,7753.50000000,18650
2020-04-28 00:44:09,20,7752.50000000,7753.50000000,34070
2020-04-28 00:44:19,1020,7752.50000000,7753.50000000,28620
2020-04-28 00:44:29,76020,7753.00000000,7753.50000000,1410
2020-04-28 00:44:39,17720,7753.00000000,7753.50000000,13550
2020-04-28 00:44:49,16020,7753.00000000,7753.50000000,12090
2020-04-28 00:44:59,21970,7753.00000000,7753.50000000,7590
2020-04-28 00:45:09,10,7748.50000000,7749.00000000,164460
2020-04-28 00:45:19,2720,7748.50000000,7750.50000000,51470
2020-04-28 00:45:29,25820,7748.50000000,7749.00000000,970
2020-04-28 00:45:39,1000,7748.50000000,7749.00000000,29690
2020-04-28 00:45:49,10320,7747.00000000,7747.50000000,25300
2020-04-28 00:45:59,1020,7746.50000000,7747.50000000,26270
2020-04-28 00:46:09,20,7746.50000000,7747.50000000,44880
2020-04-28 00:46:19,42520,7746.00000000,7746.50000000,43910
2020-04-28 00:46:29,70,7745.50000000,7746.50000000,66310
2020-04-28 00:46:39,20,7745.00000000,7745.50000000,58660
2020-04-28 00:46:49,4460,7744.00000000,7744.50000000,46000
2020-04-28 00:46:59,1150,7742.00000000,7742.50000000,57290
2020-04-28 00:47:09,22270,7742.00000000,7742.50000000,2820
2020-04-28 00:47:19,61640,7742.00000000,7742.50000000,2150
2020-04-28 00:47:29,28780,7742.00000000,7742.50000000,3880
2020-04-28 00:47:39,24170,7742.00000000,7742.50000000,11580
2020-04-28 00:47:49,38080,7742.00000000,7742.50000000,3880
2020-04-28 00:47:59,21690,7742.00000000,7742.50000000,9290
2020-04-28 00:48:09,22790,7742.00000000,7742.50000000,6980
2020-04-28 00:48:19,59050,7742.00000000,7742.50000000,2850
2020-04-28 00:48:29,66720,7742.00000000,7742.50000000,2810
2020-04-28 00:48:39,57120,7742.00000000,7742.50000000,2810
2020-04-28 00:48:49,47720,7742.00000000,7742.50000000,2810
2020-04-28 00:48:59,47720,7742.00000000,7742.50000000,2810
2020-04-28 00:49:09,19500,7746.50000000,7747.00000000,16440
2020-04-28 00:49:19,10,7746.50000000,7747.00000000,58650
2020-04-28 00:49:29,10,7746.50000000,7747.00000000,65250
2020-04-28 00:49:39,10,7746.50000000,7747.00000000,49240
2020-04-28 00:49:49,1710,7746.50000000,7747.00000000,47010
2020-04-28 00:49:59,70,7745.50000000,7746.00000000,105720
2020-04-28 00:50:09,90,7744.00000000,7745.00000000,80640
2020-04-28 00:50:19,90,7743.50000000,7744.50000000,60870
2020-04-28 00:50:29,1020,7742.50000000,7743.00000000,51560
2020-04-28 00:50:39,20,7742.50000000,7743.00000000,51560
2020-04-28 00:50:49,54690,7742.50000000,7743.00000000,2630
2020-04-28 00:50:59,34740,7742.50000000,7743.00000000,2620
2020-04-28 00:51:09,40310,7742.50000000,7743.00000000,3120
2020-04-28 00:51:19,34310,7742.50000000,7743.00000000,3150
2020-04-28 00:51:29,50920,7742.50000000,7743.00000000,3770
2020-04-28 00:51:39,34380,7742.50000000,7743.00000000,3850
2020-04-28 00:51:49,142500,7744.50000000,7745.00000000,90
2020-04-28 00:51:59,14160,7744.50000000,7745.00000000,15440
2020-04-28 00:52:09,50120,7744.50000000,7745.00000000,1560
2020-04-28 00:52:19,27230,7745.00000000,7745.50000000,11970
2020-04-28 00:52:29,20540,7745.50000000,7746.00000000,22270
2020-04-28 00:52:39,26840,7745.50000000,7746.00000000,2170
2020-04-28 00:52:49,12790,7745.50000000,7746.00000000,20270
2020-04-28 00:52:59,20290,7745.50000000,7746.00000000,2170
2020-04-28 00:53:09,39980,7745.50000000,7746.00000000,2170
2020-04-28 00:53:19,40050,7745.50000000,7746.00000000,2850
2020-04-28 00:53:29,35850,7745.50000000,7746.00000000,9850
2020-04-28 00:53:39,27330,7745.50000000,7746.00000000,20800
2020-04-28 00:53:49,12790,7745.50000000,7746.00000000,10280
2020-04-28 00:53:59,26380,7745.50000000,7746.00000000,12380
2020-04-28 00:54:09,36040,7745.50000000,7746.00000000,2470
2020-04-28 00:54:19,34170,7745.50000000,7746.00000000,3230
2020-04-28 00:54:29,29950,7746.50000000,7747.00000000,3370
2020-04-28 00:54:39,100730,7748.00000000,7748.50000000,80
2020-04-28 00:54:49,1910,7748.00000000,7748.50000000,24580
2020-04-28 00:54:59,33430,7748.00000000,7748.50000000,800
2020-04-28 00:55:09,66230,7748.00000000,7748.50000000,800
2020-04-28 00:55:19,44430,7748.00000000,7748.50000000,1400
2020-04-28 00:55:29,44430,7748.00000000,7748.50000000,1400
2020-04-28 00:55:39,75420,7748.00000000,7748.50000000,1400
2020-04-28 00:55:49,55320,7748.00000000,7748.50000000,1400
2020-04-28 00:55:59,75960,7748.00000000,7748.50000000,1400
2020-04-28 00:56:09,59820,7748.50000000,7749.00000000,2040
2020-04-28 00:56:19,59820,7748.50000000,7749.00000000,2040
2020-04-28 00:56:29,64530,7752.50000000,7753.00000000,18610
2020-04-28 00:56:39,31030,7753.50000000,7754.00000000,16270
2020-04-28 00:56:49,1010,7754.00000000,7754.50000000,35320
2020-04-28 00:56:59,39540,7754.00000000,7754.50000000,13800
2020-04-28 00:57:09,77040,7754.00000000,7754.50000000,1000
2020-04-28 00:57:19,15520,7755.50000000,7756.00000000,42930
2020-04-28 00:57:29,15320,7755.50000000,7756.00000000,25530
2020-04-28 00:57:39,37000,7754.50000000,7755.00000000,3310
2020-04-28 00:57:49,8530,7751.00000000,7752.00000000,1720
2020-04-28 00:57:59,53180,7751.50000000,7752.00000000,3310
2020-04-28 00:58:09,25080,7751.50000000,7752.00000000,3310
2020-04-28 00:58:19,15530,7751.00000000,7751.50000000,68880
2020-04-28 00:58:29,15500,7751.50000000,7752.00000000,29190
2020-04-28 00:58:39,17000,7751.50000000,7752.00000000,4000
2020-04-28 00:58:49,15500,7751.50000000,7752.00000000,23100
2020-04-28 00:58:59,15500,7751.50000000,7752.00000000,19380
2020-04-28 00:59:09,18020,7751.50000000,7752.00000000,4590
2020-04-28 00:59:19,27220,7751.50000000,7752.00000000,4520
2020-04-28 00:59:29,60310,7751.50000000,7752.00000000,2900
2020-04-28 00:59:39,48540,7757.50000000,7758.00000000,51490
2020-04-28 00:59:49,31620,7757.50000000,7758.00000000,53210
2020-04-28 00:59:59,15520,7757.50000000,7758.00000000,54680
2020-04-28 01:00:09,15520,7757.50000000,7758.00000000,54680
2020-04-28 01:00:19,16520,7757.50000000,7758.00000000,55230
2020-04-28 01:00:29,31620,7757.50000000,7758.00000000,52030
2020-04-28 01:00:39,15520,7757.50000000,7758.00000000,55230
2020-04-28 01:00:49,33620,7757.50000000,7758.00000000,52080
2020-04-28 01:00:59,17820,7757.50000000,7758.00000000,53580
2020-04-28 01:01:09,30320,7757.50000000,7758.00000000,52080
2020-04-28 01:01:19,14520,7757.50000000,7758.00000000,76210
2020-04-28 01:01:29,15360,7756.50000000,7757.00000000,36780
2020-04-28 01:01:39,23570,7755.00000000,7755.50000000,1720
2020-04-28 01:01:49,114720,7755.00000000,7755.50000000,3260
2020-04-28 01:01:59,86120,7755.50000000,7756.00000000,2610
2020-04-28 01:02:09,56230,7755.50000000,7756.00000000,2610
2020-04-28 01:02:19,56230,7755.50000000,7756.00000000,2610
2020-04-28 01:02:29,36870,7756.50000000,7757.00000000,21170
2020-04-28 01:02:39,23890,7756.50000000,7757.00000000,4990
2020-04-28 01:02:49,21000,7756.50000000,7757.00000000,10790
2020-04-28 01:02:59,15580,7756.00000000,7756.50000000,36420
2020-04-28 01:03:09,8170,7756.00000000,7756.50000000,25440
2020-04-28 01:03:19,70,7755.50000000,7756.00000000,66520
2020-04-28 01:03:29,70,7754.50000000,7755.00000000,38820
2020-04-28 01:03:39,56150,7754.00000000,7754.50000000,1720
2020-04-28 01:03:49,12090,7754.00000000,7754.50000000,56320
2020-04-28 01:03:59,7670,7752.50000000,7753.00000000,37550
2020-04-28 01:04:09,70,7752.00000000,7752.50000000,52470
2020-04-28 01:04:19,27160,7752.00000000,7752.50000000,11430
2020-04-28 01:04:29,4660,7752.00000000,7752.50000000,29800
2020-04-28 01:04:39,7670,7750.50000000,7751.00000000,60700
2020-04-28 01:04:49,27260,7750.50000000,7751.00000000,34690
2020-04-28 01:04:59,1140,7746.00000000,7746.50000000,40420
2020-04-28 01:05:09,1000,7745.50000000,7746.00000000,64700
2020-04-28 01:05:19,51360,7745.50000000,7746.00000000,5030
2020-04-28 01:05:29,28100,7745.50000000,7746.00000000,18680
2020-04-28 01:05:39,32920,7745.50000000,7746.00000000,6780
2020-04-28 01:05:49,41430,7745.50000000,7746.00000000,3230
2020-04-28 01:05:59,41330,7745.50000000,7746.00000000,3180
2020-04-28 01:06:09,16490,7747.50000000,7748.00000000,54980
2020-04-28 01:06:19,82570,7747.00000000,7747.50000000,150
2020-04-28 01:06:29,16490,7747.00000000,7747.50000000,10570
2020-04-28 01:06:39,57370,7747.00000000,7747.50000000,1700
2020-04-28 01:06:49,57370,7747.00000000,7747.50000000,1640
2020-04-28 01:06:59,41270,7747.00000000,7747.50000000,3340
2020-04-28 01:07:09,44870,7747.00000000,7747.50000000,1700
2020-04-28 01:07:19,45570,7747.00000000,7747.50000000,2300
2020-04-28 01:07:29,40370,7747.00000000,7747.50000000,2300
2020-04-28 01:07:39,35070,7747.00000000,7747.50000000,2240
2020-04-28 01:07:49,22110,7747.00000000,7747.50000000,4000
2020-04-28 01:07:59,29830,7747.00000000,7747.50000000,4080
2020-04-28 01:08:09,80,7747.00000000,7747.50000000,46100
2020-04-28 01:08:19,10,7747.00000000,7747.50000000,58950
2020-04-28 01:08:29,79290,7739.00000000,7739.50000000,4850
2020-04-28 01:08:39,17820,7739.00000000,7739.50000000,6350
2020-04-28 01:08:49,20,7736.50000000,7737.50000000,108730
2020-04-28 01:08:59,11590,7737.00000000,7737.50000000,23600
2020-04-28 01:09:09,20,7735.50000000,7736.00000000,99050
2020-04-28 01:09:19,1020,7735.50000000,7736.00000000,33650
2020-04-28 01:09:29,20,7735.50000000,7736.00000000,89450
2020-04-28 01:09:39,500,7725.50000000,7726.00000000,54980
2020-04-28 01:09:49,37000,7723.50000000,7724.00000000,6220
2020-04-28 01:09:59,19720,7724.00000000,7724.50000000,20
2020-04-28 01:10:09,37980,7724.00000000,7725.50000000,20
2020-04-28 01:10:19,91420,7725.50000000,7726.00000000,3510
2020-04-28 01:10:29,75880,7725.50000000,7726.00000000,3510
2020-04-28 01:10:39,40080,7725.50000000,7726.00000000,3510
2020-04-28 01:10:49,1730,7731.50000000,7732.00000000,210
2020-04-28 01:10:59,27390,7731.50000000,7732.00000000,1380
2020-04-28 01:11:09,10,7731.50000000,7732.00000000,52640
2020-04-28 01:11:19,30,7731.50000000,7732.00000000,26840
2020-04-28 01:11:29,10,7731.50000000,7732.00000000,33370
2020-04-28 01:11:39,20,7731.00000000,7731.50000000,98710
2020-04-28 01:11:49,1020,7730.50000000,7731.50000000,28770
2020-04-28 01:11:59,1020,7731.00000000,7731.50000000,28770
2020-04-28 01:12:09,20,7731.00000000,7731.50000000,29340
2020-04-28 01:12:19,38520,7731.00000000,7731.50000000,17840
2020-04-28 01:12:29,19320,7731.00000000,7731.50000000,20270
2020-04-28 01:12:39,90,7730.50000000,7731.50000000,45320
2020-04-28 01:12:49,6480,7731.00000000,7731.50000000,25120
2020-04-28 01:12:59,37580,7731.00000000,7731.50000000,2380
2020-04-28 01:13:09,36080,7731.00000000,7731.50000000,17840
2020-04-28 01:13:19,70,7730.50000000,7731.00000000,59460
2020-04-28 01:13:29,1550,7730.50000000,7731.00000000,7640
2020-04-28 01:13:39,1020,7730.50000000,7731.00000000,21000
2020-04-28 01:13:49,23780,7730.50000000,7731.00000000,4340
2020-04-28 01:13:59,8550,7730.50000000,7731.00000000,20600
2020-04-28 01:14:09,3930,7730.50000000,7731.00000000,20340
2020-04-28 01:14:19,3860,7730.50000000,7731.00000000,23060
2020-04-28 01:14:29,3860,7730.50000000,7731.00000000,20360
2020-04-28 01:14:39,160,7725.50000000,7726.00000000,58980
2020-04-28 01:14:49,1020,7724.00000000,7725.00000000,101260
2020-04-28 01:14:59,2750,7722.00000000,7722.50000000,37620
2020-04-28 01:15:09,20,7720.50000000,7721.00000000,68500
2020-04-28 01:15:19,5030,7720.50000000,7721.00000000,21330
2020-04-28 01:15:29,90,7716.00000000,7716.50000000,5700
2020-04-28 01:15:39,48920,7710.50000000,7711.00000000,3500
2020-04-28 01:15:49,37510,7710.50000000,7711.00000000,22910
2020-04-28 01:15:59,20,7718.00000000,7718.50000000,96710
2020-04-28 01:16:09,2120,7714.50000000,7715.00000000,17290
2020-04-28 01:16:19,36520,7714.50000000,7715.00000000,2700
2020-04-28 01:16:29,50920,7714.50000000,7715.00000000,2690
2020-04-28 01:16:39,13420,7714.50000000,7715.00000000,14820
2020-04-28 01:16:49,13070,7714.50000000,7715.00000000,13160
2020-04-28 01:16:59,11580,7714.50000000,7715.00000000,14860
2020-04-28 01:17:09,20780,7714.50000000,7715.00000000,14660
2020-04-28 01:17:19,11580,7714.50000000,7715.00000000,24330
2020-04-28 01:17:29,20,7711.50000000,7712.50000000,99700
2020-04-28 01:17:39,41800,7708.50000000,7709.00000000,20130
2020-04-28 01:17:49,2700,7711.50000000,7712.00000000,16920
2020-04-28 01:17:59,6600,7711.50000000,7712.00000000,17000
2020-04-28 01:18:09,17290,7710.50000000,7711.00000000,20210
2020-04-28 01:18:19,10,7718.50000000,7719.00000000,50160
2020-04-28 01:18:29,20,7716.50000000,7717.50000000,87200
2020-04-28 01:18:39,31800,7716.00000000,7716.50000000,2810
2020-04-28 01:18:49,4900,7716.00000000,7716.50000000,2320
2020-04-28 01:18:59,23700,7716.00000000,7716.50000000,1110
2020-04-28 01:19:09,14950,7717.00000000,7717.50000000,16450
2020-04-28 01:19:19,50,7717.00000000,7717.50000000,33080
2020-04-28 01:19:29,12450,7717.00000000,7717.50000000,3340
2020-04-28 01:19:39,12610,7717.00000000,7717.50000000,30530
2020-04-28 01:19:49,11610,7717.00000000,7717.50000000,4340
2020-04-28 01:19:59,12610,7717.00000000,7717.50000000,3340
2020-04-28 01:20:09,11560,7717.00000000,7717.50000000,33210
2020-04-28 01:20:19,20,7716.50000000,7717.00000000,35150
2020-04-28 01:20:29,20,7716.50000000,7717.00000000,34690
2020-04-28 01:20:39,20,7709.00000000,7710.00000000,31320
2020-04-28 01:20:49,1000,7709.50000000,7710.00000000,39890
2020-04-28 01:20:59,1020,7709.00000000,7710.00000000,4340
2020-04-28 01:21:09,28600,7709.50000000,7710.00000000,2690
2020-04-28 01:21:19,1720,7709.50000000,7710.00000000,3270
2020-04-28 01:21:29,70,7705.50000000,7706.00000000,2720
2020-04-28 01:21:39,31320,7702.00000000,7702.50000000,3500
2020-04-28 01:21:49,19610,7702.50000000,7703.00000000,19040
2020-04-28 01:21:59,9810,7705.50000000,7706.00000000,10190
2020-04-28 01:22:09,4860,7705.50000000,7706.00000000,5140
2020-04-28 01:22:19,10380,7705.50000000,7706.00000000,2520
2020-04-28 01:22:29,1180,7705.50000000,7706.00000000,3220
2020-04-28 01:22:39,37330,7705.50000000,7706.00000000,1470
2020-04-28 01:22:49,52750,7705.50000000,7706.00000000,1530
2020-04-28 01:22:59,52750,7705.50000000,7706.00000000,1530
2020-04-28 01:23:09,17140,7712.50000000,7713.00000000,21360
2020-04-28 01:23:19,14810,7712.50000000,7713.00000000,2360
2020-04-28 01:23:29,99120,7713.50000000,7714.00000000,1340
2020-04-28 01:23:39,66920,7715.50000000,7716.00000000,670
2020-04-28 01:23:49,74630,7715.50000000,7716.00000000,700
2020-04-28 01:23:59,30130,7715.50000000,7716.00000000,700
2020-04-28 01:24:09,64130,7715.50000000,7716.00000000,1300
2020-04-28 01:24:19,30,7715.50000000,7716.00000000,3820
2020-04-28 01:24:29,38570,7715.50000000,7716.00000000,1150
2020-04-28 01:24:39,37630,7716.50000000,7717.00000000,2250
2020-04-28 01:24:49,64630,7716.50000000,7717.00000000,1250
2020-04-28 01:24:59,64630,7716.50000000,7717.00000000,1250
2020-04-28 01:25:09,64630,7716.50000000,7717.00000000,1200
2020-04-28 01:25:19,11230,7716.50000000,7717.00000000,2870
2020-04-28 01:25:29,19300,7717.00000000,7717.50000000,2270
2020-04-28 01:25:39,34760,7717.00000000,7717.50000000,2250
2020-04-28 01:25:49,45560,7717.00000000,7717.50000000,250
2020-04-28 01:25:59,36330,7718.00000000,7718.50000000,1630
2020-04-28 01:26:09,45530,7718.00000000,7718.50000000,1230
2020-04-28 01:26:19,35960,7722.50000000,7723.00000000,2340
2020-04-28 01:26:29,5510,7722.50000000,7723.00000000,3380
2020-04-28 01:26:39,41710,7722.50000000,7723.00000000,660
2020-04-28 01:26:49,10,7722.50000000,7723.00000000,21180
2020-04-28 01:26:59,32940,7716.50000000,7717.00000000,1700
2020-04-28 01:27:09,110170,7716.50000000,7717.00000000,1150
2020-04-28 01:27:19,58170,7719.00000000,7719.50000000,610
2020-04-28 01:27:29,71370,7719.00000000,7719.50000000,660
2020-04-28 01:27:39,21170,7719.00000000,7719.50000000,660
2020-04-28 01:27:49,40970,7719.00000000,7719.50000000,660
2020-04-28 01:27:59,33650,7719.00000000,7719.50000000,2330
2020-04-28 01:28:09,62270,7719.00000000,7719.50000000,610
2020-04-28 01:28:19,104970,7719.50000000,7720.00000000,1210
2020-04-28 01:28:29,56370,7719.50000000,7720.00000000,1260
2020-04-28 01:28:39,42750,7719.50000000,7720.00000000,1210
2020-04-28 01:28:49,54470,7719.50000000,7720.00000000,1210
2020-04-28 01:28:59,107460,7722.00000000,7722.50000000,630
2020-04-28 01:29:09,17160,7725.00000000,7725.50000000,23920
2020-04-28 01:29:19,70,7722.50000000,7723.00000000,36800
2020-04-28 01:29:29,25200,7722.00000000,7722.50000000,3810
2020-04-28 01:29:39,45650,7722.00000000,7722.50000000,1910
2020-04-28 01:29:49,27050,7722.00000000,7722.50000000,12210
2020-04-28 01:29:59,28750,7722.00000000,7722.50000000,1930
2020-04-28 01:30:09,28750,7722.00000000,7722.50000000,1910
2020-04-28 01:30:19,28750,7722.00000000,7722.50000000,2510
2020-04-28 01:30:29,28750,7722.00000000,7722.50000000,2510
2020-04-28 01:30:39,32850,7722.00000000,7722.50000000,1560
2020-04-28 01:30:49,28750,7722.00000000,7722.50000000,2560
2020-04-28 01:30:59,28750,7722.00000000,7722.50000000,2560
2020-04-28 01:31:09,28750,7722.00000000,7722.50000000,2560
2020-04-28 01:31:19,11600,7722.00000000,7722.50000000,10560
2020-04-28 01:31:29,13300,7722.00000000,7722.50000000,3160
2020-04-28 01:31:39,11600,7722.00000000,7722.50000000,7110
2020-04-28 01:31:49,20600,7722.00000000,7722.50000000,3110
2020-04-28 01:31:59,28750,7722.00000000,7722.50000000,3160
2020-04-28 01:32:09,31050,7722.00000000,7722.50000000,3760
2020-04-28 01:32:19,31150,7722.00000000,7722.50000000,3760
2020-04-28 01:32:29,28750,7722.00000000,7722.50000000,3770
2020-04-28 01:32:39,28750,7722.00000000,7722.50000000,3760
2020-04-28 01:32:49,28750,7722.00000000,7722.50000000,2770
2020-04-28 01:32:59,28750,7722.00000000,7722.50000000,3760
2020-04-28 01:33:09,28750,7722.00000000,7722.50000000,3760
2020-04-28 01:33:19,28750,7722.00000000,7722.50000000,3710
2020-04-28 01:33:29,28750,7722.00000000,7722.50000000,3710
2020-04-28 01:33:39,11600,7722.00000000,7722.50000000,5460
2020-04-28 01:33:49,18650,7722.00000000,7722.50000000,3760
2020-04-28 01:33:59,18650,7722.00000000,7722.50000000,3760
2020-04-28 01:34:09,18650,7722.00000000,7722.50000000,3760
2020-04-28 01:34:19,16950,7722.00000000,7722.50000000,6670
2020-04-28 01:34:29,11600,7722.00000000,7722.50000000,6670
2020-04-28 01:34:39,13300,7722.00000000,7722.50000000,4970
2020-04-28 01:34:49,11600,7722.00000000,7722.50000000,6670
2020-04-28 01:34:59,20,7718.00000000,7718.50000000,58800
2020-04-28 01:35:09,48960,7714.00000000,7714.50000000,6720
2020-04-28 01:35:19,63660,7712.50000000,7713.00000000,6290
2020-04-28 01:35:29,65360,7712.50000000,7713.00000000,4590
2020-04-28 01:35:39,69180,7712.50000000,7713.00000000,3570
2020-04-28 01:35:49,54780,7712.50000000,7713.00000000,3570
2020-04-28 01:35:59,65680,7712.50000000,7713.00000000,3400
2020-04-28 01:36:09,33160,7712.50000000,7713.00000000,3470
2020-04-28 01:36:19,36180,7712.50000000,7713.00000000,4610
2020-04-28 01:36:29,84180,7712.50000000,7713.00000000,4610
2020-04-28 01:36:39,17200,7714.50000000,7715.00000000,2450
2020-04-28 01:36:49,70,7714.50000000,7715.00000000,25660
2020-04-28 01:36:59,1700,7714.50000000,7715.00000000,34290
2020-04-28 01:37:09,150,7714.00000000,7714.50000000,1020
2020-04-28 01:37:19,4000,7714.00000000,7714.50000000,21090
2020-04-28 01:37:29,9000,7714.00000000,7714.50000000,21090
2020-04-28 01:37:39,4000,7714.00000000,7714.50000000,21040
2020-04-28 01:37:49,70,7713.50000000,7714.00000000,73460
2020-04-28 01:37:59,70,7713.50000000,7714.00000000,106680
2020-04-28 01:38:09,70,7713.00000000,7713.50000000,65220
2020-04-28 01:38:19,70,7713.00000000,7713.50000000,33640
2020-04-28 01:38:29,2070,7712.50000000,7713.00000000,23110
2020-04-28 01:38:39,370,7712.50000000,7713.00000000,40290
2020-04-28 01:38:49,370,7712.50000000,7713.00000000,23660
2020-04-28 01:38:59,370,7712.50000000,7713.00000000,21760
2020-04-28 01:39:09,7270,7712.50000000,7713.00000000,19060
2020-04-28 01:39:19,5570,7712.50000000,7713.00000000,18620
2020-04-28 01:39:29,370,7712.50000000,7713.00000000,18620
2020-04-28 01:39:39,370,7712.50000000,7713.00000000,58230
2020-04-28 01:39:49,370,7712.50000000,7713.00000000,58230
2020-04-28 01:39:59,370,7712.50000000,7713.00000000,22680
2020-04-28 01:40:09,70,7712.50000000,7713.00000000,69980
2020-04-28 01:40:19,300,7712.50000000,7713.00000000,65330
2020-04-28 01:40:29,230,7712.50000000,7713.00000000,65980
2020-04-28 01:40:39,230,7712.50000000,7713.00000000,69410
2020-04-28 01:40:49,300,7712.50000000,7713.00000000,71750
2020-04-28 01:40:59,27100,7712.50000000,7713.00000000,19840
2020-04-28 01:41:09,8800,7712.50000000,7713.00000000,35050
2020-04-28 01:41:19,300,7712.50000000,7713.00000000,56060
2020-04-28 01:41:29,230,7712.50000000,7713.00000000,54400
2020-04-28 01:41:39,9520,7708.50000000,7709.00000000,61570
2020-04-28 01:41:49,140,7708.00000000,7708.50000000,77960
2020-04-28 01:41:59,20,7696.50000000,7697.50000000,1700
2020-04-28 01:42:09,74190,7692.50000000,7694.50000000,20
2020-04-28 01:42:19,30300,7694.50000000,7695.00000000,6200
2020-04-28 01:42:29,104630,7696.50000000,7697.00000000,1450
2020-04-28 01:42:39,2500,7696.50000000,7697.00000000,16800
2020-04-28 01:42:49,15900,7696.50000000,7697.00000000,1050
2020-04-28 01:42:59,23600,7697.00000000,7697.50000000,13690
2020-04-28 01:43:09,41950,7698.50000000,7699.00000000,850
2020-04-28 01:43:19,77550,7699.50000000,7700.00000000,1240
2020-04-28 01:43:29,91240,7704.50000000,7705.00000000,620
2020-04-28 01:43:39,59170,7706.00000000,7706.50000000,520
2020-04-28 01:43:49,43350,7708.00000000,7708.50000000,1120
2020-04-28 01:43:59,13230,7708.00000000,7708.50000000,1120
2020-04-28 01:44:09,25100,7708.00000000,7708.50000000,1920
2020-04-28 01:44:19,60900,7708.00000000,7708.50000000,920
2020-04-28 01:44:29,46100,7708.00000000,7708.50000000,870
2020-04-28 01:44:39,60900,7708.00000000,7708.50000000,870
2020-04-28 01:44:49,36430,7708.50000000,7709.00000000,870
2020-04-28 01:44:59,45320,7708.50000000,7709.00000000,120
2020-04-28 01:45:09,1830,7708.50000000,7709.00000000,13760
2020-04-28 01:45:19,6930,7708.50000000,7709.00000000,14610
2020-04-28 01:45:29,1900,7708.50000000,7709.00000000,27240
2020-04-28 01:45:39,2900,7708.50000000,7709.00000000,19230
2020-04-28 01:45:49,1720,7703.00000000,7703.50000000,9050
2020-04-28 01:45:59,16020,7703.00000000,7703.50000000,970
2020-04-28 01:46:09,1020,7703.00000000,7703.50000000,47680
2020-04-28 01:46:19,2720,7702.50000000,7703.00000000,3670
2020-04-28 01:46:29,15970,7702.50000000,7703.00000000,3430
2020-04-28 01:46:39,3170,7702.50000000,7703.00000000,3430
2020-04-28 01:46:49,20,7702.50000000,7703.00000000,37680
2020-04-28 01:46:59,1170,7702.50000000,7703.00000000,12830
2020-04-28 01:47:09,2870,7702.50000000,7703.00000000,3760
2020-04-28 01:47:19,1470,7702.50000000,7703.00000000,23710
2020-04-28 01:47:29,1470,7702.50000000,7703.00000000,3810
2020-04-28 01:47:39,20,7702.00000000,7703.00000000,27280
2020-04-28 01:47:49,1170,7702.50000000,7703.00000000,49150
2020-04-28 01:47:59,1010,7705.50000000,7706.00000000,96090
2020-04-28 01:48:09,2800,7705.50000000,7706.00000000,16760
2020-04-28 01:48:19,2800,7705.50000000,7706.00000000,16690
2020-04-28 01:48:29,2730,7705.50000000,7706.00000000,16620
2020-04-28 01:48:39,93620,7705.50000000,7706.00000000,4730
2020-04-28 01:48:49,93610,7706.50000000,7707.00000000,600
2020-04-28 01:48:59,1730,7711.00000000,7711.50000000,1110
2020-04-28 01:49:09,10,7711.00000000,7711.50000000,65120
2020-04-28 01:49:19,10,7711.00000000,7711.50000000,54740
2020-04-28 01:49:29,16930,7711.00000000,7711.50000000,17570
2020-04-28 01:49:39,4580,7711.00000000,7711.50000000,17520
2020-04-28 01:49:49,10,7711.00000000,7711.50000000,19290
2020-04-28 01:49:59,2380,7711.00000000,7711.50000000,17570
2020-04-28 01:50:09,129620,7712.00000000,7712.50000000,70
2020-04-28 01:50:19,42270,7712.00000000,7712.50000000,1600
2020-04-28 01:50:29,23780,7712.00000000,7712.50000000,1600
2020-04-28 01:50:39,69330,7712.50000000,7713.00000000,600
2020-04-28 01:50:49,22130,7712.50000000,7713.00000000,3300
2020-04-28 01:50:59,13940,7712.50000000,7713.00000000,3300
2020-04-28 01:51:09,15640,7712.50000000,7713.00000000,1650
2020-04-28 01:51:19,5740,7712.50000000,7713.00000000,14150
2020-04-28 01:51:29,33180,7712.50000000,7713.00000000,970
2020-04-28 01:51:39,31580,7712.50000000,7713.00000000,1970
2020-04-28 01:51:49,35010,7712.50000000,7713.00000000,1900
2020-04-28 01:51:59,680,7712.50000000,7713.00000000,3600
2020-04-28 01:52:09,14440,7712.50000000,7713.00000000,3670
2020-04-28 01:52:19,680,7712.50000000,7713.00000000,3970
2020-04-28 01:52:29,10200,7712.50000000,7713.00000000,2200
2020-04-28 01:52:39,34230,7712.50000000,7713.00000000,17700
2020-04-28 01:52:49,49660,7712.50000000,7713.00000000,2250
2020-04-28 01:52:59,31530,7712.50000000,7713.00000000,3950
2020-04-28 01:53:09,33230,7712.50000000,7713.00000000,17680
2020-04-28 01:53:19,33230,7712.50000000,7713.00000000,17980
2020-04-28 01:53:29,31600,7712.50000000,7713.00000000,19630
2020-04-28 01:53:39,31600,7712.50000000,7713.00000000,19700
2020-04-28 01:53:49,31600,7712.50000000,7713.00000000,19750
2020-04-28 01:53:59,31600,7712.50000000,7713.00000000,19750
2020-04-28 01:54:09,31600,7712.50000000,7713.00000000,19750
2020-04-28 01:54:19,31600,7712.50000000,7713.00000000,58260
2020-04-28 01:54:29,70,7709.00000000,7709.50000000,140950
2020-04-28 01:54:39,70,7709.00000000,7709.50000000,64620
2020-04-28 01:54:49,1000,7707.50000000,7708.00000000,77110
2020-04-28 01:54:59,1020,7706.50000000,7707.00000000,80550
2020-04-28 01:55:09,90,7706.00000000,7706.50000000,57150
2020-04-28 01:55:19,1090,7705.00000000,7705.50000000,56560
2020-04-28 01:55:29,1090,7705.00000000,7705.50000000,69170
2020-04-28 01:55:39,1020,7705.00000000,7705.50000000,69020
2020-04-28 01:55:49,31680,7705.00000000,7705.50000000,2110
2020-04-28 01:55:59,144260,7705.50000000,7706.00000000,70
2020-04-28 01:56:09,1730,7713.00000000,7713.50000000,42850
2020-04-28 01:56:19,6820,7708.00000000,7708.50000000,5700
2020-04-28 01:56:29,23920,7708.00000000,7708.50000000,17910
2020-04-28 01:56:39,23920,7708.00000000,7708.50000000,14380
2020-04-28 01:56:49,23920,7708.00000000,7708.50000000,13380
2020-04-28 01:56:59,37520,7708.00000000,7708.50000000,17620
2020-04-28 01:57:09,3820,7708.00000000,7708.50000000,19460
2020-04-28 01:57:19,10920,7708.00000000,7708.50000000,17760
2020-04-28 01:57:29,1090,7707.50000000,7708.50000000,35230
2020-04-28 01:57:39,70,7707.00000000,7707.50000000,89360
2020-04-28 01:57:49,1790,7706.50000000,7707.00000000,16420
2020-04-28 01:57:59,1020,7707.00000000,7707.50000000,29650
2020-04-28 01:58:09,20,7707.00000000,7707.50000000,25400
2020-04-28 01:58:19,1020,7707.00000000,7707.50000000,25400
2020-04-28 01:58:29,2720,7707.00000000,7707.50000000,3800
2020-04-28 01:58:39,2090,7707.00000000,7707.50000000,9580
2020-04-28 01:58:49,2090,7707.00000000,7707.50000000,5580
2020-04-28 01:58:59,2390,7707.00000000,7707.50000000,3880
2020-04-28 01:59:09,2090,7707.00000000,7707.50000000,7680
2020-04-28 01:59:19,2090,7707.00000000,7707.50000000,4880
2020-04-28 01:59:29,80,7703.50000000,7704.00000000,54730
2020-04-28 01:59:39,80,7703.50000000,7704.00000000,92010
2020-04-28 01:59:49,80,7703.50000000,7704.00000000,110230
2020-04-28 01:59:59,18110,7696.50000000,7697.00000000,5560
2020-04-28 02:00:09,31120,7696.50000000,7697.00000000,2840
2020-04-28 02:00:19,1150,7697.00000000,7697.50000000,54420
2020-04-28 02:00:29,5870,7697.00000000,7697.50000000,19350
2020-04-28 02:00:39,16080,7697.00000000,7697.50000000,17500
2020-04-28 02:00:49,10,7701.50000000,7702.00000000,57140
2020-04-28 02:00:59,10,7701.50000000,7702.00000000,113570
2020-04-28 02:01:09,20,7699.00000000,7699.50000000,123790
2020-04-28 02:01:19,2720,7699.00000000,7699.50000000,18040
2020-04-28 02:01:29,2720,7699.00000000,7699.50000000,22040
2020-04-28 02:01:39,20,7698.50000000,7699.00000000,124380
2020-04-28 02:01:49,2870,7698.50000000,7699.00000000,27770
2020-04-28 02:01:59,2870,7698.50000000,7699.00000000,30170
2020-04-28 02:02:09,2870,7698.50000000,7699.00000000,17070
2020-04-28 02:02:19,20,7698.50000000,7699.00000000,45530
2020-04-28 02:02:29,1170,7698.50000000,7699.00000000,19730
2020-04-28 02:02:39,2870,7698.50000000,7699.00000000,17100
2020-04-28 02:02:49,2870,7698.50000000,7699.00000000,22100
2020-04-28 02:02:59,1870,7698.50000000,7699.00000000,34600
2020-04-28 02:03:09,2870,7698.50000000,7699.00000000,17100
2020-04-28 02:03:19,20,7698.50000000,7699.00000000,31600
2020-04-28 02:03:29,1170,7698.50000000,7699.00000000,29550
2020-04-28 02:03:39,20,7698.50000000,7699.00000000,47400
2020-04-28 02:03:49,1140,7698.50000000,7699.00000000,33650
2020-04-28 02:03:59,20,7695.00000000,7695.50000000,63850
2020-04-28 02:04:09,20,7692.50000000,7693.00000000,112660
2020-04-28 02:04:19,520,7691.50000000,7692.00000000,70270
2020-04-28 02:04:29,2830,7690.00000000,7690.50000000,43560
2020-04-28 02:04:39,1130,7690.00000000,7690.50000000,28580
2020-04-28 02:04:49,1130,7690.00000000,7690.50000000,22060
2020-04-28 02:04:59,130,7690.00000000,7690.50000000,21080
2020-04-28 02:05:09,1150,7690.00000000,7690.50000000,22060
2020-04-28 02:05:19,1150,7690.00000000,7690.50000000,26480
2020-04-28 02:05:29,1150,7690.00000000,7690.50000000,19560
2020-04-28 02:05:39,1130,7690.00000000,7690.50000000,19410
2020-04-28 02:05:49,54530,7692.50000000,7693.00000000,2830
2020-04-28 02:05:59,22430,7692.50000000,7693.00000000,19930
2020-04-28 02:06:09,1000,7692.50000000,7693.00000000,59360
2020-04-28 02:06:19,1000,7692.50000000,7693.00000000,21350
2020-04-28 02:06:29,2400,7692.50000000,7693.00000000,20350
2020-04-28 02:06:39,10900,7685.50000000,7686.00000000,2620
2020-04-28 02:06:49,46580,7685.00000000,7685.50000000,17520
2020-04-28 02:06:59,3840,7685.00000000,7685.50000000,19740
2020-04-28 02:07:09,3840,7685.00000000,7685.50000000,18240
2020-04-28 02:07:19,5890,7684.50000000,7685.00000000,38740
2020-04-28 02:07:29,500,7684.50000000,7685.00000000,38740
2020-04-28 02:07:39,2200,7684.50000000,7685.00000000,45430
2020-04-28 02:07:49,500,7684.50000000,7685.00000000,48130
2020-04-28 02:07:59,1720,7681.50000000,7682.00000000,37310
2020-04-28 02:08:09,16030,7681.50000000,7682.00000000,20920
2020-04-28 02:08:19,47650,7681.50000000,7682.00000000,380
2020-04-28 02:08:29,1730,7690.50000000,7691.00000000,41070
2020-04-28 02:08:39,1730,7690.50000000,7691.00000000,16400
2020-04-28 02:08:49,41530,7690.50000000,7691.00000000,17400
2020-04-28 02:08:59,41530,7690.50000000,7691.00000000,17400
2020-04-28 02:09:09,22680,7692.00000000,7692.50000000,1070
2020-04-28 02:09:19,56780,7692.00000000,7692.50000000,16210
2020-04-28 02:09:29,42980,7692.50000000,7693.00000000,600
2020-04-28 02:09:39,58380,7692.50000000,7693.00000000,600
2020-04-28 02:09:49,58380,7692.50000000,7693.00000000,600
2020-04-28 02:09:59,58430,7692.50000000,7693.00000000,600
2020-04-28 02:10:09,58180,7692.50000000,7693.00000000,600
2020-04-28 02:10:19,58180,7692.50000000,7693.00000000,600
2020-04-28 02:10:29,58200,7692.50000000,7693.00000000,670
2020-04-28 02:10:39,58200,7692.50000000,7693.00000000,670
2020-04-28 02:10:49,58200,7692.50000000,7693.00000000,670
2020-04-28 02:10:59,13430,7696.00000000,7696.50000000,1600
2020-04-28 02:11:09,92730,7696.00000000,7696.50000000,7680
2020-04-28 02:11:19,92730,7696.00000000,7696.50000000,2110
2020-04-28 02:11:29,92730,7696.00000000,7696.50000000,2110
2020-04-28 02:11:39,51730,7696.00000000,7696.50000000,22500
2020-04-28 02:11:49,51710,7696.00000000,7696.50000000,21340
2020-04-28 02:11:59,51730,7696.00000000,7696.50000000,17500
2020-04-28 02:12:09,51780,7696.00000000,7696.50000000,27060
2020-04-28 02:12:19,38030,7696.00000000,7696.50000000,104070
2020-04-28 02:12:29,37960,7696.00000000,7696.50000000,86410
2020-04-28 02:12:39,20,7694.50000000,7695.00000000,91510
2020-04-28 02:12:49,20,7694.50000000,7695.00000000,157700
2020-04-28 02:12:59,160,7694.00000000,7694.50000000,139850
2020-04-28 02:13:09,20,7694.00000000,7694.50000000,92530
2020-04-28 02:13:19,1720,7693.50000000,7694.00000000,61090
2020-04-28 02:13:29,20,7693.50000000,7694.00000000,64100
2020-04-28 02:13:39,20,7693.50000000,7694.00000000,64150
2020-04-28 02:13:49,1720,7693.50000000,7694.00000000,16710
2020-04-28 02:13:59,90,7693.00000000,7693.50000000,100390
2020-04-28 02:14:09,70,7693.00000000,7693.50000000,140850
2020-04-28 02:14:19,20,7692.50000000,7693.50000000,151180
2020-04-28 02:14:29,70,7692.50000000,7693.50000000,151180
2020-04-28 02:14:39,20,7687.00000000,7687.50000000,62200
2020-04-28 02:14:49,13430,7685.50000000,7686.00000000,115230
2020-04-28 02:14:59,27260,7673.50000000,7674.00000000,18500
2020-04-28 02:15:09,123900,7677.00000000,7677.50000000,7710
2020-04-28 02:15:19,1710,7681.00000000,7681.50000000,40910
2020-04-28 02:15:29,20,7680.00000000,7680.50000000,20030
2020-04-28 02:15:39,1720,7680.00000000,7680.50000000,19330
2020-04-28 02:15:49,20,7680.00000000,7680.50000000,38230
2020-04-28 02:15:59,1920,7680.00000000,7680.50000000,34220
2020-04-28 02:16:09,20,7679.50000000,7680.00000000,84310
2020-04-28 02:16:19,20,7679.00000000,7679.50000000,67200
2020-04-28 02:16:29,20,7675.50000000,7676.00000000,35000
2020-04-28 02:16:39,10,7676.50000000,7677.00000000,60370
2020-04-28 02:16:49,60,7676.50000000,7677.00000000,60370
2020-04-28 02:16:59,60,7676.50000000,7677.00000000,42140
2020-04-28 02:17:09,90,7676.50000000,7677.00000000,36320
2020-04-28 02:17:19,30,7676.50000000,7677.00000000,52120
2020-04-28 02:17:29,30,7676.50000000,7677.00000000,28820
2020-04-28 02:17:39,140,7676.00000000,7676.50000000,73300
2020-04-28 02:17:49,90,7676.00000000,7676.50000000,67140
2020-04-28 02:17:59,90,7675.50000000,7676.00000000,67420
2020-04-28 02:18:09,190,7675.50000000,7676.00000000,71140
2020-04-28 02:18:19,20,7673.50000000,7674.00000000,89500
2020-04-28 02:18:29,520,7670.50000000,7671.00000000,77640
2020-04-28 02:18:39,18220,7670.50000000,7671.00000000,63100
2020-04-28 02:18:49,1800,7670.50000000,7671.00000000,56930
2020-04-28 02:18:59,100,7670.50000000,7671.00000000,62430
2020-04-28 02:19:09,100,7670.50000000,7671.00000000,66350
2020-04-28 02:19:19,70,7670.50000000,7671.00000000,64830
2020-04-28 02:19:29,131090,7670.50000000,7671.00000000,17520
2020-04-28 02:19:39,79430,7671.50000000,7672.00000000,1080
2020-04-28 02:19:49,1730,7676.50000000,7677.00000000,38020
2020-04-28 02:19:59,69620,7677.50000000,7678.00000000,600
2020-04-28 02:20:09,58110,7677.50000000,7678.00000000,1110
2020-04-28 02:20:19,58110,7677.50000000,7678.00000000,510
2020-04-28 02:20:29,58110,7677.50000000,7678.00000000,38900
2020-04-28 02:20:39,58110,7677.50000000,7678.00000000,38800
2020-04-28 02:20:49,44630,7677.50000000,7678.00000000,38700
2020-04-28 02:20:59,136710,7678.00000000,7678.50000000,70
2020-04-28 02:21:09,84670,7678.50000000,7679.50000000,70
2020-04-28 02:21:19,58120,7679.00000000,7679.50000000,39390
2020-04-28 02:21:29,54230,7679.00000000,7679.50000000,39390
2020-04-28 02:21:39,58830,7679.50000000,7680.00000000,1070
2020-04-28 02:21:49,25830,7679.50000000,7680.00000000,39400
2020-04-28 02:21:59,25230,7679.50000000,7680.00000000,45770
2020-04-28 02:22:09,46800,7679.50000000,7680.00000000,38400
2020-04-28 02:22:19,69250,7679.50000000,7680.00000000,38470
2020-04-28 02:22:29,80420,7681.50000000,7682.00000000,37690
2020-04-28 02:22:39,96980,7681.50000000,7682.00000000,70
2020-04-28 02:22:49,94800,7684.50000000,7686.50000000,520
2020-04-28 02:22:59,52930,7686.00000000,7686.50000000,12370
2020-04-28 02:23:09,24930,7687.00000000,7687.50000000,10120
2020-04-28 02:23:19,27220,7687.00000000,7687.50000000,1000
2020-04-28 02:23:29,22770,7687.00000000,7687.50000000,1000
2020-04-28 02:23:39,520,7682.00000000,7682.50000000,74700
2020-04-28 02:23:49,500,7682.00000000,7682.50000000,52130
2020-04-28 02:23:59,100,7681.00000000,7681.50000000,58930
2020-04-28 02:24:09,70,7678.50000000,7679.00000000,98130
2020-04-28 02:24:19,600,7674.00000000,7674.50000000,70690
2020-04-28 02:24:29,42710,7676.00000000,7676.50000000,1090
2020-04-28 02:24:39,40,7674.00000000,7674.50000000,108290
2020-04-28 02:24:49,18950,7674.00000000,7674.50000000,90
2020-04-28 02:24:59,48320,7673.00000000,7673.50000000,70
2020-04-28 02:25:09,45920,7677.00000000,7677.50000000,7410
2020-04-28 02:25:19,10,7678.50000000,7679.00000000,55120
2020-04-28 02:25:29,1730,7679.00000000,7679.50000000,43300
2020-04-28 02:25:39,10,7679.00000000,7679.50000000,100970
2020-04-28 02:25:49,60,7679.00000000,7679.50000000,87070
2020-04-28 02:25:59,500,7676.00000000,7676.50000000,79020
2020-04-28 02:26:09,1720,7674.50000000,7675.50000000,1020
2020-04-28 02:26:19,1720,7675.00000000,7675.50000000,22400
2020-04-28 02:26:29,1700,7675.00000000,7675.50000000,43620
2020-04-28 02:26:39,1700,7675.00000000,7675.50000000,43620
2020-04-28 02:26:49,20,7674.50000000,7675.00000000,70200
2020-04-28 02:26:59,77750,7666.50000000,7668.00000000,20
2020-04-28 02:27:09,57100,7671.00000000,7671.50000000,20
2020-04-28 02:27:19,42730,7671.50000000,7672.50000000,90
2020-04-28 02:27:29,7830,7673.00000000,7673.50000000,1000
2020-04-28 02:27:39,17100,7673.00000000,7673.50000000,1000
2020-04-28 02:27:49,1710,7677.50000000,7678.00000000,45020
2020-04-28 02:27:59,560,7677.50000000,7678.00000000,58420
2020-04-28 02:28:09,510,7677.50000000,7678.00000000,35550
2020-04-28 02:28:19,10,7677.50000000,7678.00000000,36620
2020-04-28 02:28:29,10,7677.50000000,7678.00000000,38530
2020-04-28 02:28:39,10,7677.50000000,7678.00000000,76920
2020-04-28 02:28:49,500,7676.00000000,7676.50000000,39400
2020-04-28 02:28:59,550,7675.50000000,7676.00000000,1170
2020-04-28 02:29:09,8660,7675.50000000,7676.00000000,11300
2020-04-28 02:29:19,80810,7677.50000000,7678.00000000,20
2020-04-28 02:29:29,98880,7681.00000000,7681.50000000,140
2020-04-28 02:29:39,47000,7682.00000000,7682.50000000,20
2020-04-28 02:29:49,47000,7682.00000000,7682.50000000,1020
2020-04-28 02:29:59,46600,7682.00000000,7682.50000000,1020
2020-04-28 02:30:09,47000,7682.00000000,7682.50000000,1020
2020-04-28 02:30:19,37560,7682.00000000,7682.50000000,1020
2020-04-28 02:30:29,37260,7682.00000000,7682.50000000,20
2020-04-28 02:30:39,53210,7682.00000000,7682.50000000,20
2020-04-28 02:30:49,38220,7682.00000000,7682.50000000,1020
2020-04-28 02:30:59,29720,7682.00000000,7682.50000000,20
2020-04-28 02:31:09,36010,7682.00000000,7682.50000000,20
2020-04-28 02:31:19,29720,7682.00000000,7682.50000000,1020
2020-04-28 02:31:29,29720,7682.00000000,7682.50000000,1020
2020-04-28 02:31:39,100510,7682.00000000,7682.50000000,20
2020-04-28 02:31:49,58670,7684.00000000,7685.00000000,20
2020-04-28 02:31:59,62230,7685.00000000,7686.00000000,20
2020-04-28 02:32:09,58500,7686.00000000,7686.50000000,1660
2020-04-28 02:32:19,94910,7687.50000000,7688.00000000,20
2020-04-28 02:32:29,39310,7687.50000000,7688.00000000,620
2020-04-28 02:32:39,72910,7692.50000000,7693.00000000,20
2020-04-28 02:32:49,66910,7693.00000000,7693.50000000,1020
2020-04-28 02:32:59,79910,7694.50000000,7695.00000000,20
2020-04-28 02:33:09,52830,7695.00000000,7695.50000000,1600
2020-04-28 02:33:19,31930,7695.00000000,7695.50000000,600
2020-04-28 02:33:29,51910,7696.00000000,7696.50000000,1020
2020-04-28 02:33:39,10,7696.00000000,7696.50000000,30010
2020-04-28 02:33:49,1790,7696.00000000,7696.50000000,2130
2020-04-28 02:33:59,120,7693.50000000,7694.00000000,61440
2020-04-28 02:34:09,1820,7693.50000000,7694.00000000,26440
2020-04-28 02:34:19,7080,7693.50000000,7694.00000000,23440
2020-04-28 02:34:29,7080,7693.50000000,7694.00000000,13040
2020-04-28 02:34:39,75020,7695.00000000,7695.50000000,770
2020-04-28 02:34:49,17120,7695.00000000,7695.50000000,8570
2020-04-28 02:34:59,15480,7695.00000000,7695.50000000,23410
2020-04-28 02:35:09,10,7695.00000000,7695.50000000,39770
2020-04-28 02:35:19,10720,7693.50000000,7694.00000000,8700
2020-04-28 02:35:29,20,7693.50000000,7694.00000000,3300
2020-04-28 02:35:39,17130,7693.50000000,7694.00000000,15400
2020-04-28 02:35:49,15430,7693.50000000,7694.00000000,19400
2020-04-28 02:35:59,20,7693.50000000,7694.00000000,36840
2020-04-28 02:36:09,1720,7693.50000000,7694.00000000,29540
2020-04-28 02:36:19,17530,7693.50000000,7694.00000000,10300
2020-04-28 02:36:29,17130,7693.50000000,7694.00000000,1600
2020-04-28 02:36:39,17530,7693.50000000,7694.00000000,600
2020-04-28 02:36:49,38030,7694.00000000,7694.50000000,150
2020-04-28 02:36:59,54280,7694.00000000,7694.50000000,150
2020-04-28 02:37:09,17120,7699.00000000,7699.50000000,10220
2020-04-28 02:37:19,53840,7699.00000000,7699.50000000,1000
2020-04-28 02:37:29,410,7697.50000000,7698.00000000,49620
2020-04-28 02:37:39,46520,7697.50000000,7698.00000000,4860
2020-04-28 02:37:49,21620,7697.50000000,7698.00000000,4860
2020-04-28 02:37:59,33720,7697.50000000,7698.00000000,4860
2020-04-28 02:38:09,33160,7697.50000000,7698.00000000,3860
2020-04-28 02:38:19,30740,7697.50000000,7698.00000000,3840
2020-04-28 02:38:29,34890,7697.50000000,7698.00000000,3840
2020-04-28 02:38:39,17490,7699.00000000,7699.50000000,5120
2020-04-28 02:38:49,8390,7699.00000000,7699.50000000,8220
2020-04-28 02:38:59,1380,7699.00000000,7699.50000000,15320
2020-04-28 02:39:09,2030,7699.00000000,7699.50000000,15320
2020-04-28 02:39:19,40,7699.00000000,7699.50000000,17720
2020-04-28 02:39:29,290,7698.50000000,7699.00000000,82110
2020-04-28 02:39:39,15070,7697.00000000,7697.50000000,45780
2020-04-28 02:39:49,9750,7697.00000000,7697.50000000,11470
2020-04-28 02:39:59,13300,7697.00000000,7697.50000000,15850
2020-04-28 02:40:09,3750,7697.00000000,7697.50000000,12930
2020-04-28 02:40:19,13200,7697.00000000,7697.50000000,17110
2020-04-28 02:40:29,3700,7697.00000000,7697.50000000,17110
2020-04-28 02:40:39,8720,7697.00000000,7697.50000000,17090
2020-04-28 02:40:49,17720,7697.00000000,7697.50000000,1750
2020-04-28 02:40:59,3920,7697.00000000,7697.50000000,13500
2020-04-28 02:41:09,4870,7697.00000000,7697.50000000,4800
2020-04-28 02:41:19,4920,7697.00000000,7697.50000000,9000
2020-04-28 02:41:29,2150,7697.00000000,7697.50000000,40560
2020-04-28 02:41:39,1980,7697.00000000,7697.50000000,80240
2020-04-28 02:41:49,1680,7697.00000000,7697.50000000,69160
2020-04-28 02:41:59,480,7697.00000000,7697.50000000,48830
2020-04-28 02:42:09,480,7697.00000000,7697.50000000,56020
2020-04-28 02:42:19,480,7697.00000000,7697.50000000,56620
2020-04-28 02:42:29,480,7697.00000000,7697.50000000,56620
2020-04-28 02:42:39,52500,7689.00000000,7689.50000000,15950
2020-04-28 02:42:49,25100,7689.00000000,7689.50000000,16410
2020-04-28 02:42:59,33890,7689.00000000,7689.50000000,620
2020-04-28 02:43:09,27990,7689.00000000,7689.50000000,620
2020-04-28 02:43:19,41110,7689.00000000,7689.50000000,600
2020-04-28 02:43:29,26920,7690.50000000,7691.00000000,3860
2020-04-28 02:43:39,26770,7690.50000000,7691.00000000,3860
2020-04-28 02:43:49,2000,7690.50000000,7691.00000000,31260
2020-04-28 02:43:59,4700,7690.50000000,7691.00000000,20940
2020-04-28 02:44:09,66640,7690.50000000,7691.00000000,20
2020-04-28 02:44:19,64950,7694.00000000,7694.50000000,90
2020-04-28 02:44:29,9010,7694.00000000,7694.50000000,10520
2020-04-28 02:44:39,34250,7694.00000000,7694.50000000,16960
2020-04-28 02:44:49,38320,7694.00000000,7694.50000000,620
2020-04-28 02:44:59,35520,7694.00000000,7694.50000000,15960
2020-04-28 02:45:09,32820,7694.00000000,7694.50000000,12500
2020-04-28 02:45:19,32820,7694.00000000,7694.50000000,13500
2020-04-28 02:45:29,32820,7694.00000000,7694.50000000,15960
2020-04-28 02:45:39,25810,7694.00000000,7694.50000000,15960
2020-04-28 02:45:49,17410,7694.00000000,7694.50000000,20800
2020-04-28 02:45:59,18060,7694.00000000,7694.50000000,20800
2020-04-28 02:46:09,12460,7694.00000000,7694.50000000,16960
2020-04-28 02:46:19,10660,7694.00000000,7694.50000000,5460
2020-04-28 02:46:29,12260,7694.00000000,7694.50000000,20800
2020-04-28 02:46:39,14360,7694.00000000,7694.50000000,20800
2020-04-28 02:46:49,2070,7693.50000000,7694.00000000,48020
2020-04-28 02:46:59,2000,7693.00000000,7693.50000000,27170
2020-04-28 02:47:09,2000,7693.00000000,7693.50000000,25400
2020-04-28 02:47:19,4700,7693.00000000,7693.50000000,18960
2020-04-28 02:47:29,4700,7693.00000000,7693.50000000,9160
2020-04-28 02:47:39,2000,7693.00000000,7693.50000000,45020
2020-04-28 02:47:49,2000,7693.00000000,7693.50000000,29820
2020-04-28 02:47:59,2000,7693.00000000,7693.50000000,29820
2020-04-28 02:48:09,20490,7693.00000000,7693.50000000,24800
2020-04-28 02:48:19,20490,7693.00000000,7693.50000000,24800
2020-04-28 02:48:29,20490,7693.00000000,7693.50000000,26000
2020-04-28 02:48:39,19490,7693.00000000,7693.50000000,72150
2020-04-28 02:48:49,19490,7693.00000000,7693.50000000,72150
2020-04-28 02:48:59,17790,7693.00000000,7693.50000000,73850
2020-04-28 02:49:09,20490,7693.00000000,7693.50000000,10920
2020-04-28 02:49:19,20490,7693.00000000,7693.50000000,7480
2020-04-28 02:49:29,20490,7693.00000000,7693.50000000,21560
2020-04-28 02:49:39,28630,7698.50000000,7699.00000000,15270
2020-04-28 02:49:49,54350,7698.50000000,7699.00000000,20
2020-04-28 02:49:59,20960,7698.50000000,7699.00000000,3320
2020-04-28 02:50:09,25670,7698.50000000,7699.00000000,620
2020-04-28 02:50:19,58120,7698.50000000,7699.00000000,20
2020-04-28 02:50:29,45270,7698.50000000,7699.00000000,20
2020-04-28 02:50:39,49640,7698.50000000,7699.50000000,20
2020-04-28 02:50:49,82980,7701.50000000,7702.00000000,20
2020-04-28 02:50:59,67760,7703.50000000,7704.00000000,20
2020-04-28 02:51:09,33490,7703.50000000,7704.00000000,1020
2020-04-28 02:51:19,19190,7703.50000000,7704.00000000,1020
2020-04-28 02:51:29,25990,7703.50000000,7704.00000000,1020
2020-04-28 02:51:39,70,7700.00000000,7700.50000000,43220
2020-04-28 02:51:49,48720,7701.00000000,7702.00000000,1020
2020-04-28 02:51:59,47950,7701.50000000,7702.00000000,20
2020-04-28 02:52:09,19450,7701.50000000,7702.00000000,20250
2020-04-28 02:52:19,10750,7701.50000000,7702.00000000,20290
2020-04-28 02:52:29,59130,7702.00000000,7702.50000000,1020
2020-04-28 02:52:39,43710,7702.00000000,7702.50000000,20
2020-04-28 02:52:49,58010,7702.00000000,7702.50000000,20
2020-04-28 02:52:59,3230,7704.00000000,7705.00000000,20
2020-04-28 02:53:09,57240,7704.50000000,7705.00000000,20
2020-04-28 02:53:19,58140,7707.00000000,7707.50000000,520
2020-04-28 02:53:29,42140,7707.00000000,7707.50000000,520
2020-04-28 02:53:39,38340,7707.00000000,7707.50000000,520
2020-04-28 02:53:49,15440,7707.00000000,7707.50000000,5320
2020-04-28 02:53:59,37860,7705.00000000,7705.50000000,1020
2020-04-28 02:54:09,68320,7705.50000000,7706.00000000,1000
2020-04-28 02:54:19,2020,7705.50000000,7706.00000000,6720
2020-04-28 02:54:29,59560,7705.50000000,7706.00000000,1020
2020-04-28 02:54:39,320,7705.50000000,7706.00000000,20770
2020-04-28 02:54:49,17660,7705.50000000,7706.00000000,6570
2020-04-28 02:54:59,14660,7705.50000000,7706.00000000,10370
2020-04-28 02:55:09,350,7705.50000000,7706.00000000,20090
2020-04-28 02:55:19,350,7705.50000000,7706.00000000,18090
2020-04-28 02:55:29,350,7705.50000000,7706.00000000,14790
2020-04-28 02:55:39,350,7705.50000000,7706.00000000,14790
2020-04-28 02:55:49,3050,7705.50000000,7706.00000000,16190
2020-04-28 02:55:59,350,7705.50000000,7706.00000000,16240
2020-04-28 02:56:09,350,7705.50000000,7706.00000000,16240
2020-04-28 02:56:19,400,7705.50000000,7706.00000000,19940
2020-04-28 02:56:29,400,7705.50000000,7706.00000000,26290
2020-04-28 02:56:39,400,7705.50000000,7706.00000000,85580
2020-04-28 02:56:49,2300,7705.50000000,7706.00000000,77880
2020-04-28 02:56:59,300,7705.50000000,7706.00000000,77830
2020-04-28 02:57:09,300,7705.50000000,7706.00000000,77880
2020-04-28 02:57:19,70,7705.00000000,7705.50000000,70420
2020-04-28 02:57:29,2000,7705.00000000,7705.50000000,58020
2020-04-28 02:57:39,2000,7705.00000000,7705.50000000,58070
2020-04-28 02:57:49,16370,7705.00000000,7705.50000000,17850
2020-04-28 02:57:59,33170,7705.00000000,7705.50000000,1750
2020-04-28 02:58:09,33320,7705.00000000,7705.50000000,1750
2020-04-28 02:58:19,33320,7705.00000000,7705.50000000,1750
2020-04-28 02:58:29,32320,7705.00000000,7705.50000000,1600
2020-04-28 02:58:39,33320,7705.00000000,7705.50000000,1000
2020-04-28 02:58:49,33320,7705.00000000,7705.50000000,150
2020-04-28 02:58:59,30620,7705.00000000,7705.50000000,1150
2020-04-28 02:59:09,54400,7706.00000000,7706.50000000,1020
2020-04-28 02:59:19,35030,7706.00000000,7706.50000000,1020
2020-04-28 02:59:29,150,7705.50000000,7706.00000000,52570
2020-04-28 02:59:39,14460,7705.50000000,7706.00000000,19770
2020-04-28 02:59:49,3040,7705.50000000,7706.00000000,18770
2020-04-28 02:59:59,3040,7705.50000000,7706.00000000,23570
2020-04-28 03:00:09,63610,7706.00000000,7706.50000000,3850
2020-04-28 03:00:19,48740,7707.00000000,7707.50000000,520
2020-04-28 03:00:29,28840,7707.00000000,7707.50000000,2220
2020-04-28 03:00:39,35640,7707.00000000,7707.50000000,520
2020-04-28 03:00:49,5910,7707.00000000,7707.50000000,8220
2020-04-28 03:00:59,18460,7707.00000000,7707.50000000,3700
2020-04-28 03:01:09,30920,7707.00000000,7707.50000000,3700
2020-04-28 03:01:19,23220,7707.00000000,7707.50000000,3700
2020-04-28 03:01:29,70,7706.00000000,7706.50000000,54120
2020-04-28 03:01:39,49750,7701.00000000,7701.50000000,18150
2020-04-28 03:01:49,41570,7700.00000000,7700.50000000,1000
2020-04-28 03:01:59,26920,7700.50000000,7701.00000000,1020
2020-04-28 03:02:09,48640,7700.50000000,7701.00000000,1320
2020-04-28 03:02:19,27100,7701.00000000,7701.50000000,2940
2020-04-28 03:02:29,27100,7701.00000000,7701.50000000,2940
2020-04-28 03:02:39,27100,7701.00000000,7701.50000000,1940
2020-04-28 03:02:49,14700,7701.00000000,7701.50000000,2940
2020-04-28 03:02:59,17400,7701.00000000,7701.50000000,2940
2020-04-28 03:03:09,22200,7701.00000000,7701.50000000,1340
2020-04-28 03:03:19,20210,7701.00000000,7701.50000000,1340
2020-04-28 03:03:29,36160,7701.00000000,7701.50000000,1340
2020-04-28 03:03:39,18300,7701.00000000,7701.50000000,2340
2020-04-28 03:03:49,16400,7701.00000000,7701.50000000,2340
2020-04-28 03:03:59,100,7701.00000000,7701.50000000,13040
2020-04-28 03:04:09,100,7701.00000000,7701.50000000,18240
2020-04-28 03:04:19,15880,7699.00000000,7699.50000000,18150
2020-04-28 03:04:29,14880,7699.00000000,7699.50000000,13050
2020-04-28 03:04:39,29730,7698.00000000,7698.50000000,17360
2020-04-28 03:04:49,21330,7698.00000000,7698.50000000,8860
2020-04-28 03:04:59,11030,7698.00000000,7698.50000000,7860
2020-04-28 03:05:09,15920,7699.00000000,7699.50000000,8990
2020-04-28 03:05:19,70,7698.00000000,7698.50000000,71290
2020-04-28 03:05:29,16200,7696.50000000,7697.00000000,19900
2020-04-28 03:05:39,14750,7696.50000000,7697.00000000,23680
2020-04-28 03:05:49,7550,7696.50000000,7697.00000000,17900
2020-04-28 03:05:59,7050,7696.50000000,7697.00000000,17900
2020-04-28 03:06:09,600,7696.00000000,7696.50000000,36520
2020-04-28 03:06:19,4430,7696.00000000,7696.50000000,27340
2020-04-28 03:06:29,70,7695.50000000,7696.00000000,50320
2020-04-28 03:06:39,70,7695.00000000,7695.50000000,86660
2020-04-28 03:06:49,70,7695.00000000,7695.50000000,87160
2020-04-28 03:06:59,70,7694.00000000,7694.50000000,67180
2020-04-28 03:07:09,1700,7693.50000000,7694.00000000,46920
2020-04-28 03:07:19,1700,7693.50000000,7694.00000000,62390
2020-04-28 03:07:29,4700,7693.50000000,7694.00000000,19990
2020-04-28 03:07:39,3000,7693.50000000,7694.00000000,18790
2020-04-28 03:07:49,5070,7693.00000000,7693.50000000,1170
2020-04-28 03:07:59,5600,7693.00000000,7693.50000000,45630
2020-04-28 03:08:09,4070,7693.00000000,7693.50000000,45700
2020-04-28 03:08:19,5700,7693.00000000,7693.50000000,34430
2020-04-28 03:08:29,5770,7693.00000000,7693.50000000,34970
2020-04-28 03:08:39,4070,7693.00000000,7693.50000000,34920
2020-04-28 03:08:49,4070,7693.00000000,7693.50000000,42610
2020-04-28 03:08:59,70,7693.00000000,7693.50000000,42660
2020-04-28 03:09:09,5290,7693.00000000,7693.50000000,13990
2020-04-28 03:09:19,5290,7693.00000000,7693.50000000,11070
2020-04-28 03:09:29,9540,7693.00000000,7693.50000000,1470
2020-04-28 03:09:39,13520,7693.50000000,7694.00000000,8390
2020-04-28 03:09:49,17580,7693.50000000,7694.00000000,14490
2020-04-28 03:09:59,2590,7693.50000000,7694.00000000,18980
2020-04-28 03:10:09,5290,7693.50000000,7694.00000000,15880
2020-04-28 03:10:19,5290,7693.50000000,7694.00000000,19310
2020-04-28 03:10:29,5290,7693.50000000,7694.00000000,9110
2020-04-28 03:10:39,5290,7693.50000000,7694.00000000,6790
2020-04-28 03:10:49,19580,7693.50000000,7694.00000000,16190
2020-04-28 03:10:59,19390,7693.50000000,7694.00000000,11590
2020-04-28 03:11:09,24240,7693.50000000,7694.00000000,390
2020-04-28 03:11:19,34110,7693.50000000,7694.00000000,390
2020-04-28 03:11:29,34110,7693.50000000,7694.00000000,7490
2020-04-28 03:11:39,34110,7693.50000000,7694.00000000,14290
2020-04-28 03:11:49,16210,7693.50000000,7694.00000000,32590
2020-04-28 03:11:59,680,7691.00000000,7691.50000000,63620
2020-04-28 03:12:09,3230,7691.00000000,7691.50000000,26290
2020-04-28 03:12:19,530,7690.50000000,7691.00000000,79260
2020-04-28 03:12:29,530,7690.50000000,7691.00000000,40620
2020-04-28 03:12:39,3000,7688.00000000,7688.50000000,63520
2020-04-28 03:12:49,3000,7688.00000000,7688.50000000,39120
2020-04-28 03:12:59,3000,7688.00000000,7688.50000000,94640
2020-04-28 03:13:09,3000,7688.00000000,7688.50000000,68500
2020-04-28 03:13:19,5700,7688.00000000,7688.50000000,36010
2020-04-28 03:13:29,3000,7688.00000000,7688.50000000,46050
2020-04-28 03:13:39,2520,7688.00000000,7688.50000000,70480
2020-04-28 03:13:49,2520,7688.00000000,7688.50000000,45450
2020-04-28 03:13:59,3520,7688.00000000,7688.50000000,43830
2020-04-28 03:14:09,2590,7688.00000000,7688.50000000,52140
2020-04-28 03:14:19,6120,7688.00000000,7688.50000000,37270
2020-04-28 03:14:29,6190,7688.00000000,7688.50000000,30900
2020-04-28 03:14:39,5190,7688.00000000,7688.50000000,38640
2020-04-28 03:14:49,5190,7688.00000000,7688.50000000,36240
2020-04-28 03:14:59,5190,7688.00000000,7688.50000000,98540
2020-04-28 03:15:09,1200,7685.00000000,7685.50000000,80160
2020-04-28 03:15:19,1200,7685.00000000,7685.50000000,42850
2020-04-28 03:15:29,2640,7685.00000000,7685.50000000,35120
2020-04-28 03:15:39,1640,7685.00000000,7685.50000000,44700
2020-04-28 03:15:49,2640,7685.00000000,7685.50000000,44700
2020-04-28 03:15:59,1000,7684.50000000,7685.00000000,100290
2020-04-28 03:16:09,1000,7684.50000000,7685.00000000,56010
2020-04-28 03:16:19,1000,7684.50000000,7685.00000000,47520
2020-04-28 03:16:29,1000,7684.50000000,7685.00000000,53490
2020-04-28 03:16:39,31250,7684.50000000,7685.00000000,60
2020-04-28 03:16:49,53820,7684.50000000,7685.00000000,90
2020-04-28 03:16:59,122310,7685.00000000,7685.50000000,300
2020-04-28 03:17:09,61310,7688.50000000,7689.00000000,90
2020-04-28 03:17:19,62740,7690.50000000,7691.00000000,500
2020-04-28 03:17:29,62740,7690.50000000,7691.00000000,500
2020-04-28 03:17:39,45070,7692.50000000,7693.00000000,660
2020-04-28 03:17:49,17810,7693.00000000,7693.50000000,46820
2020-04-28 03:17:59,25320,7693.00000000,7693.50000000,4150
2020-04-28 03:18:09,72810,7694.00000000,7694.50000000,520
2020-04-28 03:18:19,12610,7694.00000000,7694.50000000,1520
2020-04-28 03:18:29,30310,7694.00000000,7694.50000000,1520
2020-04-28 03:18:39,18510,7694.00000000,7694.50000000,3220
2020-04-28 03:18:49,33310,7694.00000000,7694.50000000,520
2020-04-28 03:18:59,24180,7694.00000000,7694.50000000,590
2020-04-28 03:19:09,30060,7694.00000000,7694.50000000,1500
2020-04-28 03:19:19,30090,7694.00000000,7694.50000000,1520
2020-04-28 03:19:29,30110,7694.00000000,7694.50000000,590
2020-04-28 03:19:39,30110,7694.00000000,7694.50000000,1590
2020-04-28 03:19:49,30110,7694.00000000,7694.50000000,570
2020-04-28 03:19:59,38510,7694.00000000,7694.50000000,570
2020-04-28 03:20:09,31310,7694.00000000,7694.50000000,1590
2020-04-28 03:20:19,30110,7694.00000000,7694.50000000,1590
2020-04-28 03:20:29,30110,7694.00000000,7694.50000000,1590
2020-04-28 03:20:39,30110,7694.00000000,7694.50000000,1590
2020-04-28 03:20:49,8380,7694.00000000,7694.50000000,5430
2020-04-28 03:20:59,19180,7694.00000000,7694.50000000,5430
2020-04-28 03:21:09,29280,7694.00000000,7694.50000000,570
2020-04-28 03:21:19,114560,7696.50000000,7697.00000000,70
2020-04-28 03:21:29,60610,7697.00000000,7698.00000000,520
2020-04-28 03:21:39,39070,7697.00000000,7697.50000000,20
2020-04-28 03:21:49,39270,7697.00000000,7697.50000000,20
2020-04-28 03:21:59,33570,7697.00000000,7697.50000000,20
2020-04-28 03:22:09,74140,7698.00000000,7698.50000000,500
2020-04-28 03:22:19,28020,7698.00000000,7698.50000000,20
2020-04-28 03:22:29,29920,7698.00000000,7698.50000000,20
2020-04-28 03:22:39,27420,7698.00000000,7698.50000000,1720
2020-04-28 03:22:49,46710,7698.00000000,7699.00000000,520
2020-04-28 03:22:59,35110,7698.00000000,7698.50000000,20620
2020-04-28 03:23:09,17120,7698.00000000,7698.50000000,14250
2020-04-28 03:23:19,16120,7698.00000000,7698.50000000,14250
2020-04-28 03:23:29,16870,7698.00000000,7698.50000000,12590
2020-04-28 03:23:39,3410,7698.00000000,7698.50000000,25120
2020-04-28 03:23:49,9110,7698.00000000,7698.50000000,14120
2020-04-28 03:23:59,10810,7698.00000000,7698.50000000,12420
2020-04-28 03:24:09,148460,7699.50000000,7700.00000000,200
2020-04-28 03:24:19,107460,7699.50000000,7700.00000000,200
2020-04-28 03:24:29,107060,7699.50000000,7700.00000000,250
2020-04-28 03:24:39,107460,7699.50000000,7700.00000000,250
2020-04-28 03:24:49,107460,7699.50000000,7700.00000000,200
2020-04-28 03:24:59,34280,7701.00000000,7701.50000000,3220
2020-04-28 03:25:09,35980,7701.00000000,7701.50000000,13050
2020-04-28 03:25:19,38790,7701.00000000,7701.50000000,520
2020-04-28 03:25:29,52420,7701.00000000,7701.50000000,520
2020-04-28 03:25:39,40680,7701.00000000,7701.50000000,1720
2020-04-28 03:25:49,46030,7701.00000000,7701.50000000,1670
2020-04-28 03:25:59,47580,7701.00000000,7701.50000000,20
2020-04-28 03:26:09,41680,7701.00000000,7701.50000000,1020
2020-04-28 03:26:19,46530,7701.00000000,7701.50000000,1070
2020-04-28 03:26:29,33230,7701.00000000,7701.50000000,12570
2020-04-28 03:26:39,29630,7701.00000000,7701.50000000,12570
2020-04-28 03:26:49,46830,7701.00000000,7701.50000000,1020
2020-04-28 03:26:59,31630,7701.00000000,7701.50000000,1020
2020-04-28 03:27:09,47880,7701.00000000,7701.50000000,1070
2020-04-28 03:27:19,52860,7701.00000000,7701.50000000,1020
2020-04-28 03:27:29,52860,7701.00000000,7701.50000000,1020
2020-04-28 03:27:39,48860,7701.00000000,7701.50000000,1020
2020-04-28 03:27:49,29460,7701.00000000,7701.50000000,1070
2020-04-28 03:27:59,44660,7701.00000000,7701.50000000,1070
2020-04-28 03:28:09,32310,7701.00000000,7701.50000000,4770
2020-04-28 03:28:19,33210,7701.00000000,7701.50000000,4720
2020-04-28 03:28:29,53710,7701.00000000,7701.50000000,7020
2020-04-28 03:28:39,48810,7701.00000000,7701.50000000,7070
2020-04-28 03:28:49,70,7699.50000000,7700.00000000,48020
2020-04-28 03:28:59,23800,7699.50000000,7700.00000000,4570
2020-04-28 03:29:09,26300,7698.00000000,7698.50000000,2140
2020-04-28 03:29:19,74910,7698.00000000,7698.50000000,870
2020-04-28 03:29:29,39390,7698.00000000,7698.50000000,1870
2020-04-28 03:29:39,29590,7698.00000000,7698.50000000,870
2020-04-28 03:29:49,30110,7698.00000000,7698.50000000,6890
2020-04-28 03:29:59,30110,7698.00000000,7698.50000000,14570
2020-04-28 03:30:09,50620,7698.00000000,7698.50000000,910
2020-04-28 03:30:19,34910,7698.00000000,7698.50000000,2230
2020-04-28 03:30:29,33980,7698.00000000,7698.50000000,2360
2020-04-28 03:30:39,33980,7698.00000000,7698.50000000,3360
2020-04-28 03:30:49,28870,7698.00000000,7698.50000000,3710
2020-04-28 03:30:59,29170,7698.00000000,7698.50000000,3710
2020-04-28 03:31:09,7770,7698.00000000,7698.50000000,5410
2020-04-28 03:31:19,1370,7698.00000000,7698.50000000,6900
2020-04-28 03:31:29,5970,7697.50000000,7698.00000000,15770
2020-04-28 03:31:39,10070,7697.50000000,7698.00000000,13280
2020-04-28 03:31:49,32800,7694.00000000,7694.50000000,20
2020-04-28 03:31:59,35500,7694.00000000,7694.50000000,3800
2020-04-28 03:32:09,35500,7694.00000000,7694.50000000,3590
2020-04-28 03:32:19,18300,7694.00000000,7694.50000000,3590
2020-04-28 03:32:29,23000,7694.00000000,7694.50000000,3640
2020-04-28 03:32:39,18300,7694.00000000,7694.50000000,3640
2020-04-28 03:32:49,1700,7694.00000000,7694.50000000,3640
2020-04-28 03:32:59,1770,7694.00000000,7694.50000000,16250
2020-04-28 03:33:09,11970,7694.00000000,7694.50000000,8160
2020-04-28 03:33:19,73110,7694.00000000,7694.50000000,2130
2020-04-28 03:33:29,73540,7694.00000000,7694.50000000,2150
2020-04-28 03:33:39,73040,7694.00000000,7694.50000000,2080
2020-04-28 03:33:49,88520,7694.00000000,7694.50000000,1950
2020-04-28 03:33:59,33850,7694.00000000,7694.50000000,1950
2020-04-28 03:34:09,33850,7694.00000000,7694.50000000,1950
2020-04-28 03:34:19,33850,7694.00000000,7694.50000000,1950
2020-04-28 03:34:29,49260,7694.00000000,7694.50000000,1950
2020-04-28 03:34:39,49260,7694.00000000,7694.50000000,1950
2020-04-28 03:34:49,49260,7694.00000000,7694.50000000,1950
2020-04-28 03:34:59,49330,7694.00000000,7694.50000000,1950
2020-04-28 03:35:09,114530,7696.50000000,7697.00000000,80
2020-04-28 03:35:19,141000,7696.50000000,7697.00000000,1340
2020-04-28 03:35:29,86830,7700.00000000,7700.50000000,1180
2020-04-28 03:35:39,147320,7700.00000000,7700.50000000,1160
2020-04-28 03:35:49,168770,7700.00000000,7700.50000000,660
2020-04-28 03:35:59,43130,7705.50000000,7706.00000000,600
2020-04-28 03:36:09,78350,7707.00000000,7707.50000000,630
2020-04-28 03:36:19,155330,7707.00000000,7707.50000000,630
2020-04-28 03:36:29,15960,7707.00000000,7707.50000000,16700
2020-04-28 03:36:39,17140,7707.00000000,7707.50000000,1650
2020-04-28 03:36:49,42710,7709.00000000,7709.50000000,3920
2020-04-28 03:36:59,58650,7709.00000000,7709.50000000,620
2020-04-28 03:37:09,15440,7709.00000000,7709.50000000,20220
2020-04-28 03:37:19,17140,7709.00000000,7709.50000000,5470
2020-04-28 03:37:29,18140,7709.00000000,7709.50000000,5470
2020-04-28 03:37:39,24940,7709.00000000,7709.50000000,1620
2020-04-28 03:37:49,18140,7709.00000000,7709.50000000,670
2020-04-28 03:37:59,54840,7709.00000000,7709.50000000,640
2020-04-28 03:38:09,43340,7709.00000000,7709.50000000,1980
2020-04-28 03:38:19,93200,7709.00000000,7709.50000000,960
2020-04-28 03:38:29,97200,7709.00000000,7709.50000000,860
2020-04-28 03:38:39,63640,7710.50000000,7711.00000000,620
2020-04-28 03:38:49,80300,7716.00000000,7716.50000000,39360
2020-04-28 03:38:59,53640,7711.00000000,7711.50000000,20
2020-04-28 03:39:09,93400,7712.00000000,7712.50000000,600
2020-04-28 03:39:19,153840,7712.00000000,7712.50000000,600
2020-04-28 03:39:29,15960,7714.50000000,7715.00000000,23820
2020-04-28 03:39:39,25700,7714.50000000,7715.00000000,5220
2020-04-28 03:39:49,27920,7714.50000000,7715.00000000,1070
2020-04-28 03:39:59,17000,7714.50000000,7715.00000000,18070
2020-04-28 03:40:09,17000,7714.50000000,7715.00000000,15000
2020-04-28 03:40:19,17000,7714.50000000,7715.00000000,1850
2020-04-28 03:40:29,14470,7714.50000000,7715.00000000,44150
2020-04-28 03:40:39,14470,7714.50000000,7715.00000000,25550
2020-04-28 03:40:49,14470,7714.50000000,7715.00000000,23100
2020-04-28 03:40:59,17170,7714.50000000,7715.00000000,1900
2020-04-28 03:41:09,14470,7714.50000000,7715.00000000,29400
2020-04-28 03:41:19,17210,7713.00000000,7713.50000000,18080
2020-04-28 03:41:29,70,7712.00000000,7712.50000000,55020
2020-04-28 03:41:39,80640,7711.50000000,7712.00000000,1020
2020-04-28 03:41:49,15430,7712.00000000,7712.50000000,29900
2020-04-28 03:41:59,15430,7712.00000000,7712.50000000,5000
2020-04-28 03:42:09,70,7710.50000000,7711.00000000,48440
2020-04-28 03:42:19,35000,7710.00000000,7710.50000000,35100
2020-04-28 03:42:29,22000,7710.00000000,7710.50000000,87710
2020-04-28 03:42:39,39240,7707.50000000,7708.00000000,4930
2020-04-28 03:42:49,40940,7707.50000000,7708.00000000,1230
2020-04-28 03:42:59,18740,7707.50000000,7708.00000000,4780
2020-04-28 03:43:09,51010,7707.50000000,7708.00000000,80
2020-04-28 03:43:19,54860,7707.50000000,7708.00000000,870
2020-04-28 03:43:29,47960,7707.50000000,7708.00000000,870
2020-04-28 03:43:39,40740,7707.50000000,7708.00000000,870
2020-04-28 03:43:49,44640,7707.50000000,7708.00000000,890
2020-04-28 03:43:59,47560,7707.50000000,7708.00000000,870
2020-04-28 03:44:09,96840,7708.00000000,7708.50000000,940
2020-04-28 03:44:19,38880,7711.00000000,7711.50000000,20
2020-04-28 03:44:29,88240,7711.00000000,7711.50000000,620
2020-04-28 03:44:39,42040,7711.00000000,7711.50000000,620
2020-04-28 03:44:49,32440,7711.00000000,7711.50000000,620
2020-04-28 03:44:59,38740,7711.00000000,7711.50000000,620
2020-04-28 03:45:09,53840,7711.00000000,7711.50000000,620
2020-04-28 03:45:19,54340,7711.00000000,7711.50000000,910
2020-04-28 03:45:29,54640,7711.00000000,7711.50000000,910
2020-04-28 03:45:39,58440,7711.00000000,7711.50000000,910
2020-04-28 03:45:49,47740,7711.00000000,7711.50000000,910
2020-04-28 03:45:59,38140,7711.00000000,7711.50000000,1430
2020-04-28 03:46:09,43540,7711.00000000,7711.50000000,1430
2020-04-28 03:46:19,32740,7711.00000000,7711.50000000,1430
2020-04-28 03:46:29,70,7710.00000000,7710.50000000,80820
2020-04-28 03:46:39,10,7706.00000000,7706.50000000,48720
2020-04-28 03:46:49,16420,7704.50000000,7705.00000000,16730
2020-04-28 03:46:59,47240,7704.50000000,7705.00000000,910
2020-04-28 03:47:09,16420,7704.50000000,7705.00000000,19880
2020-04-28 03:47:19,2290,7703.50000000,7704.00000000,27020
2020-04-28 03:47:29,26420,7703.00000000,7703.50000000,8720
2020-04-28 03:47:39,38730,7703.50000000,7704.00000000,1210
2020-04-28 03:47:49,39250,7703.50000000,7704.00000000,1260
2020-04-28 03:47:59,39250,7703.50000000,7704.00000000,1260
2020-04-28 03:48:09,39250,7703.50000000,7704.00000000,3260
2020-04-28 03:48:19,39250,7703.50000000,7704.00000000,3210
2020-04-28 03:48:29,10,7703.50000000,7704.00000000,25760
2020-04-28 03:48:39,34950,7703.50000000,7704.00000000,3210
2020-04-28 03:48:49,47750,7703.50000000,7704.00000000,510
2020-04-28 03:48:59,51450,7703.50000000,7704.00000000,1010
2020-04-28 03:49:09,44650,7703.50000000,7704.00000000,1060
2020-04-28 03:49:19,60290,7703.50000000,7704.00000000,1360
2020-04-28 03:49:29,58190,7703.50000000,7704.00000000,1360
2020-04-28 03:49:39,67050,7703.50000000,7704.00000000,1310
2020-04-28 03:49:49,64650,7703.50000000,7704.00000000,1360
2020-04-28 03:49:59,64650,7703.50000000,7704.00000000,1370
2020-04-28 03:50:09,115980,7705.50000000,7706.00000000,500
2020-04-28 03:50:19,135780,7705.50000000,7706.00000000,970
2020-04-28 03:50:29,131780,7705.50000000,7706.00000000,970
2020-04-28 03:50:39,31380,7705.50000000,7706.00000000,970
2020-04-28 03:50:49,34680,7705.50000000,7706.00000000,1010
2020-04-28 03:50:59,40480,7705.50000000,7706.00000000,1010
2020-04-28 03:51:09,39080,7705.50000000,7706.00000000,1010
2020-04-28 03:51:19,37580,7705.50000000,7706.00000000,1270
2020-04-28 03:51:29,34680,7705.50000000,7706.00000000,1270
2020-04-28 03:51:39,34680,7705.50000000,7706.00000000,1270
2020-04-28 03:51:49,34680,7705.50000000,7706.00000000,1310
2020-04-28 03:51:59,35380,7705.50000000,7706.00000000,1310
2020-04-28 03:52:09,26580,7705.50000000,7706.00000000,1310
2020-04-28 03:52:19,37680,7705.50000000,7706.00000000,1310
2020-04-28 03:52:29,136640,7707.50000000,7708.00000000,1420
2020-04-28 03:52:39,59970,7709.00000000,7709.50000000,920
2020-04-28 03:52:49,75810,7709.00000000,7709.50000000,920
2020-04-28 03:52:59,96580,7710.50000000,7711.00000000,920
2020-04-28 03:53:09,100580,7710.50000000,7711.00000000,920
2020-04-28 03:53:19,75410,7711.00000000,7711.50000000,1720
2020-04-28 03:53:29,33110,7711.00000000,7711.50000000,1720
2020-04-28 03:53:39,64390,7711.00000000,7711.50000000,1260
2020-04-28 03:53:49,23990,7711.00000000,7711.50000000,2980
2020-04-28 03:53:59,37590,7711.00000000,7711.50000000,1240
2020-04-28 03:54:09,59400,7716.50000000,7717.50000000,20
2020-04-28 03:54:19,15440,7717.50000000,7718.00000000,19220
2020-04-28 03:54:29,18160,7717.50000000,7718.00000000,12260
2020-04-28 03:54:39,16440,7717.50000000,7718.00000000,8780
2020-04-28 03:54:49,17940,7717.50000000,7718.00000000,2460
2020-04-28 03:54:59,17940,7717.50000000,7718.00000000,2460
2020-04-28 03:55:09,19660,7717.50000000,7718.00000000,760
2020-04-28 03:55:19,19660,7717.50000000,7718.00000000,810
2020-04-28 03:55:29,18660,7717.50000000,7718.00000000,5610
2020-04-28 03:55:39,20810,7717.50000000,7718.00000000,8060
2020-04-28 03:55:49,31970,7715.00000000,7715.50000000,1720
2020-04-28 03:55:59,30540,7715.00000000,7715.50000000,2480
2020-04-28 03:56:09,32060,7715.00000000,7715.50000000,2530
2020-04-28 03:56:19,37260,7715.00000000,7715.50000000,2530
2020-04-28 03:56:29,76870,7717.50000000,7718.00000000,1320
2020-04-28 03:56:39,15450,7717.50000000,7718.00000000,35670
2020-04-28 03:56:49,28050,7717.50000000,7718.00000000,2970
2020-04-28 03:56:59,310,7717.50000000,7718.00000000,27470
2020-04-28 03:57:09,17250,7717.50000000,7718.00000000,5080
2020-04-28 03:57:19,15450,7717.50000000,7718.00000000,47510
2020-04-28 03:57:29,15520,7717.50000000,7718.00000000,47470
2020-04-28 03:57:39,500,7716.50000000,7717.00000000,71100
2020-04-28 03:57:49,3030,7714.00000000,7714.50000000,10
2020-04-28 03:57:59,17460,7713.50000000,7714.00000000,9210
2020-04-28 03:58:09,21230,7713.50000000,7714.00000000,610
2020-04-28 03:58:19,17930,7713.50000000,7714.00000000,15510
2020-04-28 03:58:29,16430,7713.50000000,7714.00000000,11220
2020-04-28 03:58:39,32660,7713.50000000,7714.00000000,10020
2020-04-28 03:58:49,32660,7713.50000000,7714.00000000,14370
2020-04-28 03:58:59,33660,7713.50000000,7714.00000000,16070
2020-04-28 03:59:09,8010,7712.00000000,7712.50000000,35210
2020-04-28 03:59:19,40870,7712.00000000,7712.50000000,2810
2020-04-28 03:59:29,34070,7712.00000000,7712.50000000,2810
2020-04-28 03:59:39,36270,7712.00000000,7712.50000000,1110
2020-04-28 03:59:49,34070,7712.00000000,7712.50000000,2810
2020-04-28 03:59:59,33600,7712.00000000,7712.50000000,2870
2020-04-28 04:00:09,45500,7712.00000000,7712.50000000,1180
2020-04-28 04:00:19,24000,7712.00000000,7712.50000000,2880
2020-04-28 04:00:29,23430,7712.00000000,7712.50000000,14420
2020-04-28 04:00:39,67070,7712.00000000,7712.50000000,1170
2020-04-28 04:00:49,15450,7719.50000000,7720.00000000,20690
2020-04-28 04:00:59,15450,7719.50000000,7720.00000000,31250
2020-04-28 04:01:09,9760,7719.50000000,7720.00000000,57630
2020-04-28 04:01:19,10760,7719.50000000,7720.00000000,56530
2020-04-28 04:01:29,9760,7719.50000000,7720.00000000,58570
2020-04-28 04:01:39,9810,7716.50000000,7717.00000000,33300
2020-04-28 04:01:49,24120,7713.50000000,7714.00000000,13280
2020-04-28 04:01:59,24430,7713.50000000,7714.00000000,2400
2020-04-28 04:02:09,18460,7711.50000000,7712.00000000,1720
2020-04-28 04:02:19,25930,7711.50000000,7712.00000000,2710
2020-04-28 04:02:29,2500,7705.00000000,7705.50000000,47220
2020-04-28 04:02:39,20,7701.50000000,7702.50000000,41470
2020-04-28 04:02:49,39920,7699.50000000,7700.00000000,20
2020-04-28 04:02:59,56250,7700.00000000,7700.50000000,1180
2020-04-28 04:03:09,14920,7699.50000000,7700.00000000,33920
2020-04-28 04:03:19,30590,7702.00000000,7702.50000000,70
2020-04-28 04:03:29,28630,7702.00000000,7702.50000000,2340
2020-04-28 04:03:39,23740,7702.00000000,7702.50000000,16140
2020-04-28 04:03:49,20230,7702.00000000,7702.50000000,2880
2020-04-28 04:03:59,1930,7702.00000000,7702.50000000,8990
2020-04-28 04:04:09,24730,7702.00000000,7702.50000000,18980
2020-04-28 04:04:19,6430,7702.00000000,7702.50000000,21390
2020-04-28 04:04:29,26830,7702.00000000,7702.50000000,3090
2020-04-28 04:04:39,14600,7702.00000000,7702.50000000,4140
2020-04-28 04:04:49,80,7702.00000000,7702.50000000,93430
2020-04-28 04:04:59,28630,7699.50000000,7700.00000000,3660
2020-04-28 04:05:09,4780,7699.50000000,7700.00000000,13290
2020-04-28 04:05:19,20,7698.50000000,7699.00000000,90390
2020-04-28 04:05:29,70,7698.00000000,7699.00000000,92410
2020-04-28 04:05:39,20,7698.00000000,7698.50000000,73050
2020-04-28 04:05:49,44800,7698.00000000,7698.50000000,1540
2020-04-28 04:05:59,39060,7698.00000000,7698.50000000,1100
2020-04-28 04:06:09,39570,7698.00000000,7698.50000000,1150
2020-04-28 04:06:19,72720,7698.00000000,7698.50000000,600
2020-04-28 04:06:29,28120,7698.00000000,7698.50000000,3300
2020-04-28 04:06:39,34320,7698.00000000,7698.50000000,3300
2020-04-28 04:06:49,5280,7698.00000000,7698.50000000,13710
2020-04-28 04:06:59,20,7693.00000000,7694.00000000,3520
2020-04-28 04:07:09,20,7692.00000000,7693.00000000,65920
2020-04-28 04:07:19,1540,7692.00000000,7693.00000000,5620
2020-04-28 04:07:29,2000,7686.00000000,7690.00000000,1700
2020-04-28 04:07:39,36820,7685.00000000,7685.50000000,2340
2020-04-28 04:07:49,20,7685.00000000,7685.50000000,65250
2020-04-28 04:07:59,23460,7683.50000000,7684.00000000,10920
2020-04-28 04:08:09,26660,7683.50000000,7684.00000000,2320
2020-04-28 04:08:19,52890,7683.50000000,7684.00000000,600
2020-04-28 04:08:29,40410,7684.00000000,7684.50000000,3700
2020-04-28 04:08:39,39930,7684.00000000,7684.50000000,600
2020-04-28 04:08:49,30590,7684.00000000,7684.50000000,2390
2020-04-28 04:08:59,10,7684.00000000,7684.50000000,31720
2020-04-28 04:09:09,10,7684.00000000,7684.50000000,42100
2020-04-28 04:09:19,10,7684.00000000,7684.50000000,64000
2020-04-28 04:09:29,10,7684.00000000,7684.50000000,64160
2020-04-28 04:09:39,10,7684.00000000,7684.50000000,65290
2020-04-28 04:09:49,10,7684.00000000,7684.50000000,65350
2020-04-28 04:09:59,10,7684.00000000,7684.50000000,65350
2020-04-28 04:10:09,2730,7684.00000000,7684.50000000,25640
2020-04-28 04:10:19,14030,7684.00000000,7684.50000000,16530
2020-04-28 04:10:29,14030,7684.00000000,7684.50000000,16530
2020-04-28 04:10:39,3230,7691.00000000,7691.50000000,70
2020-04-28 04:10:49,29230,7691.00000000,7691.50000000,70
2020-04-28 04:10:59,57430,7691.50000000,7692.00000000,70
2020-04-28 04:11:09,49560,7691.50000000,7692.00000000,70
2020-04-28 04:11:19,24430,7690.50000000,7691.00000000,1700
2020-04-28 04:11:29,14730,7690.50000000,7691.00000000,2700
2020-04-28 04:11:39,20,7690.50000000,7691.00000000,51880
2020-04-28 04:11:49,12720,7690.50000000,7691.00000000,18080
2020-04-28 04:11:59,520,7691.50000000,7692.00000000,19690
2020-04-28 04:12:09,20,7691.50000000,7692.00000000,32230
2020-04-28 04:12:19,20,7691.50000000,7692.00000000,25030
2020-04-28 04:12:29,1020,7691.50000000,7692.00000000,18630
2020-04-28 04:12:39,3090,7691.50000000,7692.00000000,19580
2020-04-28 04:12:49,1090,7691.50000000,7692.00000000,19650
2020-04-28 04:12:59,90,7691.50000000,7692.00000000,24200
2020-04-28 04:13:09,90,7691.50000000,7692.00000000,23600
2020-04-28 04:13:19,23890,7691.50000000,7692.00000000,1820
2020-04-28 04:13:29,55610,7691.50000000,7692.00000000,70
2020-04-28 04:13:39,34530,7691.50000000,7692.00000000,7560
2020-04-28 04:13:49,15330,7691.50000000,7692.00000000,9260
2020-04-28 04:13:59,26730,7691.50000000,7692.00000000,7780
2020-04-28 04:14:09,26430,7691.50000000,7692.00000000,7780
2020-04-28 04:14:19,100,7691.50000000,7692.00000000,12280
2020-04-28 04:14:29,100,7691.50000000,7692.00000000,17980
2020-04-28 04:14:39,30,7691.50000000,7692.00000000,24970
2020-04-28 04:14:49,17290,7691.50000000,7692.00000000,2750
2020-04-28 04:14:59,14790,7691.50000000,7692.00000000,18130
2020-04-28 04:15:09,21190,7691.50000000,7692.00000000,50
2020-04-28 04:15:19,21000,7692.00000000,7692.50000000,18140
2020-04-28 04:15:29,20000,7692.00000000,7692.50000000,18140
2020-04-28 04:15:39,30,7692.00000000,7692.50000000,19630
2020-04-28 04:15:49,9630,7692.00000000,7692.50000000,18130
2020-04-28 04:15:59,7430,7692.00000000,7692.50000000,19630
2020-04-28 04:16:09,2100,7692.00000000,7692.50000000,19630
2020-04-28 04:16:19,30,7692.00000000,7692.50000000,19630
2020-04-28 04:16:29,21320,7691.50000000,7692.00000000,1000
2020-04-28 04:16:39,17220,7691.50000000,7692.00000000,18080
2020-04-28 04:16:49,14320,7691.50000000,7692.00000000,18130
2020-04-28 04:16:59,8420,7691.50000000,7692.00000000,19630
2020-04-28 04:17:09,14300,7691.50000000,7692.00000000,18130
2020-04-28 04:17:19,15370,7691.50000000,7692.00000000,9840
2020-04-28 04:17:29,14370,7691.50000000,7692.00000000,9790
2020-04-28 04:17:39,15370,7691.50000000,7692.00000000,9840
2020-04-28 04:17:49,15300,7691.50000000,7692.00000000,9770
2020-04-28 04:17:59,15300,7691.50000000,7692.00000000,9790
2020-04-28 04:18:09,30,7686.50000000,7687.00000000,134280
2020-04-28 04:18:19,10020,7685.00000000,7685.50000000,18640
2020-04-28 04:18:29,20,7685.00000000,7685.50000000,50850
2020-04-28 04:18:39,1020,7685.00000000,7685.50000000,35230
2020-04-28 04:18:49,1020,7685.00000000,7685.50000000,35530
2020-04-28 04:18:59,90,7684.50000000,7685.00000000,67910
2020-04-28 04:19:09,160,7680.00000000,7680.50000000,24540
2020-04-28 04:19:19,2860,7680.00000000,7680.50000000,17380
2020-04-28 04:19:29,19330,7681.00000000,7681.50000000,15410
2020-04-28 04:19:39,17230,7681.00000000,7681.50000000,15930
2020-04-28 04:19:49,15530,7681.00000000,7681.50000000,15360
2020-04-28 04:19:59,15530,7681.00000000,7681.50000000,15880
2020-04-28 04:20:09,17230,7681.00000000,7681.50000000,15410
2020-04-28 04:20:19,180,7686.00000000,7686.50000000,3730
2020-04-28 04:20:29,1630,7686.00000000,7686.50000000,20390
2020-04-28 04:20:39,30,7686.00000000,7686.50000000,24990
2020-04-28 04:20:49,30,7686.00000000,7686.50000000,30590
2020-04-28 04:20:59,1180,7686.00000000,7686.50000000,12600
2020-04-28 04:21:09,30,7686.00000000,7686.50000000,90680
2020-04-28 04:21:19,30,7686.00000000,7686.50000000,61580
2020-04-28 04:21:29,30,7686.00000000,7686.50000000,61580
2020-04-28 04:21:39,30,7686.00000000,7686.50000000,61660
2020-04-28 04:21:49,90,7685.50000000,7686.00000000,32960
2020-04-28 04:21:59,90,7685.50000000,7686.00000000,36960
2020-04-28 04:22:09,670,7685.50000000,7686.00000000,87820
2020-04-28 04:22:19,670,7685.50000000,7686.00000000,87820
2020-04-28 04:22:29,16080,7678.50000000,7679.00000000,16640
2020-04-28 04:22:39,14410,7684.50000000,7685.00000000,37300
2020-04-28 04:22:49,1320,7684.50000000,7685.00000000,42690
2020-04-28 04:22:59,30,7684.50000000,7685.00000000,43690
2020-04-28 04:23:09,630,7684.50000000,7685.00000000,43690
2020-04-28 04:23:19,6630,7684.50000000,7685.00000000,44290
2020-04-28 04:23:29,6630,7684.50000000,7685.00000000,44290
2020-04-28 04:23:39,6630,7684.50000000,7685.00000000,44320
2020-04-28 04:23:49,8920,7684.50000000,7685.00000000,19600
2020-04-28 04:23:59,42140,7686.00000000,7686.50000000,70
2020-04-28 04:24:09,18710,7686.00000000,7686.50000000,17080
2020-04-28 04:24:19,11720,7687.00000000,7687.50000000,18070
2020-04-28 04:24:29,16010,7687.00000000,7687.50000000,17070
2020-04-28 04:24:39,2010,7687.00000000,7687.50000000,19570
2020-04-28 04:24:49,38810,7688.00000000,7688.50000000,1530
2020-04-28 04:24:59,34540,7688.00000000,7688.50000000,17080
2020-04-28 04:25:09,16940,7688.00000000,7688.50000000,15380
2020-04-28 04:25:19,40330,7688.50000000,7689.00000000,30
2020-04-28 04:25:29,19600,7688.50000000,7689.00000000,17080
2020-04-28 04:25:39,720,7688.50000000,7689.00000000,19630
2020-04-28 04:25:49,790,7688.50000000,7689.00000000,77550
2020-04-28 04:25:59,19620,7681.00000000,7681.50000000,7000
2020-04-28 04:26:09,49620,7675.50000000,7676.00000000,1700
2020-04-28 04:26:19,10,7679.50000000,7680.00000000,32710
2020-04-28 04:26:29,10,7679.50000000,7680.00000000,45710
2020-04-28 04:26:39,10,7679.50000000,7680.00000000,40010
2020-04-28 04:26:49,16930,7679.50000000,7680.00000000,5990
2020-04-28 04:26:59,16660,7677.00000000,7677.50000000,68010
2020-04-28 04:27:09,20,7677.00000000,7677.50000000,63510
2020-04-28 04:27:19,20,7677.00000000,7677.50000000,84080
2020-04-28 04:27:29,20,7676.50000000,7677.00000000,72600
2020-04-28 04:27:39,20,7676.00000000,7676.50000000,45860
2020-04-28 04:27:49,31240,7677.00000000,7677.50000000,30
2020-04-28 04:27:59,30,7678.00000000,7678.50000000,13840
2020-04-28 04:28:09,10,7678.00000000,7678.50000000,33450
2020-04-28 04:28:19,10,7678.00000000,7678.50000000,9020
2020-04-28 04:28:29,10,7678.00000000,7678.50000000,43450
2020-04-28 04:28:39,80,7678.00000000,7678.50000000,25400
2020-04-28 04:28:49,80,7678.00000000,7678.50000000,28400
2020-04-28 04:28:59,18000,7678.00000000,7678.50000000,4290
2020-04-28 04:29:09,30,7678.00000000,7678.50000000,41590
2020-04-28 04:29:19,30,7678.00000000,7678.50000000,43890
2020-04-28 04:29:29,30,7678.00000000,7678.50000000,43890
2020-04-28 04:29:39,30,7678.00000000,7678.50000000,67720
2020-04-28 04:29:49,14830,7671.00000000,7671.50000000,10200
2020-04-28 04:29:59,1710,7674.00000000,7674.50000000,38620
2020-04-28 04:30:09,1720,7673.50000000,7674.00000000,51560
2020-04-28 04:30:19,20,7671.00000000,7671.50000000,20060
2020-04-28 04:30:29,1720,7672.00000000,7672.50000000,16860
2020-04-28 04:30:39,30,7672.00000000,7672.50000000,17370
2020-04-28 04:30:49,1730,7672.00000000,7672.50000000,16860
2020-04-28 04:30:59,17230,7672.00000000,7672.50000000,15360
2020-04-28 04:31:09,8480,7672.00000000,7672.50000000,15360
2020-04-28 04:31:19,5080,7672.00000000,7672.50000000,16860
2020-04-28 04:31:29,30,7672.00000000,7672.50000000,20070
2020-04-28 04:31:39,30,7672.00000000,7672.50000000,12910
2020-04-28 04:31:49,1780,7672.00000000,7672.50000000,16710
2020-04-28 04:31:59,30,7672.50000000,7673.00000000,7990
2020-04-28 04:32:09,30,7672.50000000,7673.00000000,17490
2020-04-28 04:32:19,10,7672.50000000,7673.00000000,38740
2020-04-28 04:32:29,10,7672.50000000,7673.00000000,26210
2020-04-28 04:32:39,10330,7672.50000000,7673.00000000,4280
2020-04-28 04:32:49,22430,7673.00000000,7673.50000000,30
2020-04-28 04:32:59,38390,7673.00000000,7673.50000000,30
2020-04-28 04:33:09,27590,7673.00000000,7673.50000000,1730
2020-04-28 04:33:19,29290,7673.00000000,7673.50000000,30
2020-04-28 04:33:29,29320,7673.00000000,7673.50000000,30
2020-04-28 04:33:39,3200,7682.00000000,7682.50000000,20
2020-04-28 04:33:49,10,7682.00000000,7682.50000000,55800
2020-04-28 04:33:59,10,7682.00000000,7682.50000000,55950
2020-04-28 04:34:09,10,7682.00000000,7682.50000000,37250
2020-04-28 04:34:19,10,7682.00000000,7682.50000000,37150
2020-04-28 04:34:29,10,7682.00000000,7682.50000000,35100
2020-04-28 04:34:39,10,7682.00000000,7682.50000000,28600
2020-04-28 04:34:49,10,7682.00000000,7682.50000000,37100
2020-04-28 04:34:59,80,7682.00000000,7682.50000000,24600
2020-04-28 04:35:09,80,7682.00000000,7682.50000000,24670
2020-04-28 04:35:19,80,7682.00000000,7682.50000000,33370
2020-04-28 04:35:29,2000,7680.00000000,7680.50000000,29520
2020-04-28 04:35:39,70,7680.00000000,7680.50000000,20340
2020-04-28 04:35:49,18220,7679.50000000,7680.00000000,3300
2020-04-28 04:35:59,2000,7676.00000000,7676.50000000,15720
2020-04-28 04:36:09,3550,7676.50000000,7677.00000000,70
2020-04-28 04:36:19,1700,7677.00000000,7677.50000000,17870
2020-04-28 04:36:29,1700,7677.00000000,7677.50000000,17870
2020-04-28 04:36:39,70,7675.00000000,7675.50000000,71550
2020-04-28 04:36:49,1720,7674.50000000,7675.50000000,19580
2020-04-28 04:36:59,20,7675.00000000,7675.50000000,31760
2020-04-28 04:37:09,1720,7676.00000000,7676.50000000,21520
2020-04-28 04:37:19,1700,7676.00000000,7676.50000000,37810
2020-04-28 04:37:29,19130,7676.50000000,7677.00000000,70
2020-04-28 04:37:39,18450,7676.50000000,7677.00000000,5270
2020-04-28 04:37:49,18450,7676.50000000,7677.00000000,5270
2020-04-28 04:37:59,18500,7676.50000000,7677.00000000,4270
2020-04-28 04:38:09,18520,7676.50000000,7677.00000000,4270
2020-04-28 04:38:19,19530,7677.00000000,7677.50000000,4140
2020-04-28 04:38:29,10,7677.00000000,7677.50000000,34320
2020-04-28 04:38:39,1730,7677.00000000,7677.50000000,6570
2020-04-28 04:38:49,2100,7677.00000000,7677.50000000,6640
2020-04-28 04:38:59,3850,7677.00000000,7677.50000000,4140
2020-04-28 04:39:09,1850,7677.00000000,7677.50000000,14840
2020-04-28 04:39:19,1850,7677.00000000,7677.50000000,5640
